3810 5910
238 405 296 465 iud
516 397 775 458 luiticiorum
798 392 1003 456 Patauium
1026 396 1062 457 ΙΝ
1087 395 1211 457 caedi
1236 395 1299 455 ltili
1324 393 1554 455 ANNOTATIO.

239 550 280 602 par
294 536 380 584 vinum
394 546 509 596 tritanum
527 536 625 594 poetam
647 531 739 579 tactum
755 530 893 580 cratinum.
919 530 1017 578 »ller-
1065 528 1157 578 iacitut
1166 526 1306 589 credamus,
1316 524 1461 576 Timocreon
1473 538 1572 575 carmen
1582 526 1679 588 epicum
1690 522 1861 577 ilerwbm

238 619 338 665 morin,
357 607 416 655 item
433 603 534 652 trucior.
555 605 580 651 et
597 600 742 650 lluscbldus
756 600 824 651 Anat.
847 601 902 650 crit.
927 612 952 664 p.
980 602 1017 650 27.
1064 594 1266 664 complexumlta
1282 600 1474 648 enumerarat:

238 676 443 726 litinenaeouutern
453 674 571 736 τοιγάρτοι
582 671 663 732 (codd.
673 674 806 734 τοιγαροῦν)
817 672 937 755 macerans
948 672 1019 734 δόμος
1127 694 1214 744 Μοῦσά
1235 712 1274 757 μοι
1283 692 1410 755 Ἀλκμήνης
1421 695 1578 757 καλλισφύρου
1590 695 1640 742 υἱὸν
1653 695 1725 744 Μ·

237 750 315 813 {epum
329 745 474 804 exhibente,
489 758 538 808 pro
560 747 631 805 μέγας
654 745 706 792 Jac.
725 743 784 792 oiim
804 741 911 806 μιγαρ·
932 741 1019 803 edidit,

238 832 294 868 cum
305 816 435 866 scnieuiim
449 815 611 869 deminuendo,
624 827 670 863 nee
681 812 832 876 probabilius
844 812 910 877 quod
925 811 1018 863 bleinc-
1064 814 1091 860 ln
1101 822 1150 872 quo
1160 822 1234 859 remu
1242 807 1326 858 neoclo
1334 808 1394 872 quid
1401 808 1627 872 reprehendendum
1638 808 1858 873 intelligenspoeta

239 888 293 937 lius
303 901 330 950 p.
348 883 514 948 interruperit,
529 885 617 945 δέμας
630 885 718 944 idaeo,
733 902 744 925 a
756 894 812 931 narn
824 896 872 931 non
888 881 962 946 capiti
978 895 1017 930 ao·
1063 880 1139 940 (leus,
1155 879 1243 930 eadem
1255 878 1331 931 rerba
1343 879 1493 943 transposita
1500 879 1599 929 eidcere
1617 880 1858 930 tetrametrumtro·

238 961 297 1018 lum,
309 958 435 1008 sedetiam
446 957 509 1007 (totio
519 959 544 1005 et
554 955 660 1005 brachiis
671 953 949 1004 eoroltaacireumdataa
965 966 1020 1003 ease
1065 949 1176 1004 chalcum
1191 951 1305 1003 docebat.
1320 972 1332 995 ιι
1347 950 1393 1003 Cui
1402 950 1468 1001 lusui
1478 951 1534 1000 lusu
1546 950 1618 1000 simili
1635 954 1661 1000 et
1670 950 1804 1001 acerbiore
1816 966 1858 1002 re-

237 1034 455 1090 condaturtupo:
468 1025 935 1090 lleciemaortomputatexrarieiate
949 1026 1020 1080 nott<
1064 1022 1162 1088 spondit
1182 1024 1339 1084 Timocreon,
1366 1021 1523 1072 aslmonldtr
1550 1024 1724 1072 hexametrum
1747 1022 1790 1087 (ln
1807 1034 1859 1086 quc

238 1107 326 1167 idpuer.
341 1104 368 1151 ln
385 1102 431 1149 line
449 1111 539 1148 rursus
554 1104 625 1160 ιιατῷ
641 1097 700 1146 ath.
712 1122 744 1132 -
761 1095 826 1144 cole
842 1095 882 1144 ιιαλ
895 1096 926 1145 σὺ
944 1096 1019 1154 Ath.;
1064 1098 1130 1155 linia
1141 1109 1190 1147 mx
1211 1110 1259 1146 nou
1275 1097 1327 1146 sine
1349 1094 1453 1146 audacia
1467 1096 1551 1158 posita
1560 1097 1599 1145 eat
1616 1094 1672 1144 ioco
1690 1094 1818 1158 molossi)
1832 1094 1858 1144 in

236 1177 367 1237 (coniuncta
386 1171 509 1235 scriptura
527 1172 631 1232 utraque
643 1169 727 1231 ολὰιιιρ
739 1164 769 1217 σὺ
788 1167 926 1217 Heciems.
943 1185 956 1210 ι
979 1172 1020 1218 tle·
1064 1166 1166 1217 sanilam
1188 1179 1289 1216 neroum
1308 1164 1460 1216 tmcbalcum
1479 1162 1650 1213 transiormari
1671 1176 1745 1227 posse
1762 1163 1856 1228 proba-

237 1248 395 1309 ιιραιιωμένοι,
407 1244 424 1292 i.
439 1256 460 1292 e.
475 1242 627 1304 ἐστεμμέναι.
643 1243 687 1289 Est
698 1237 792 1288 enlmd
810 1239 894 1295 κισσὸς
906 1239 1018 1302 aporiae.
1065 1240 1152 1287 turus.
1176 1241 1239 1296 Qum
1256 1235 1397 1299 coniectura
1407 1238 1491 1285 nostra
1507 1235 1528 1284 ai
1540 1232 1629 1290 stabit.
1644 1234 1676 1284 ad
1694 1233 1758 1285 duas
1774 1232 1856 1286 ilem·

238 1318 376 1376 Thocari,
395 1319 432 1364 dt.
451 1334 461 1355 u
483 1316 541 1362 dcc.
554 1313 607 1361 lion
624 1324 688 1375 opus
706 1316 744 1360 est
760 1309 827 1359 enim
839 1308 893 1359 han
914 1311 949 1360 ita
964 1320 1019 1373 pre·
1064 1307 1265 1370 cleaspoctarum
1280 1307 1440 1362 iibodiomm,
1455 1304 1567 1354 t‘iaandri
1577 1303 1728 1354 camirensis
1741 1307 1769 1355 ei
1779 1306 1856 1355 Pleiai

236 1403 302 1439 more
315 1400 372 1437 cum
387 1385 496 1436 bentleio
514 1386 632 1446 :pmpter
642 1384 789 1447 perpmluam
804 1383 963 1444 gestationem
975 1394 1018 1431 co·
1040 1422 1044 1466 Ι
1065 1376 1152 1436 Lindii,
1167 1377 1207 1427 cui
1227 1376 1374 1426 Pisandrum
1395 1376 1539 1426 Heracleam
1556 1388 1627 1425 anam
1642 1374 1795 1426 suiiuratum
1811 1378 1858 1428 cri-

237 1474 302 1510 ronae
321 1459 462 1508 liederacere
486 1456 590 1505 ironiem
613 1457 693 1514 uuum
718 1453 804 1503 colore*
824 1453 889 1502 croci
904 1452 1019 1502 iniectam
1065 1449 1172 1498 minatur
1192 1447 1303 1499 (ilemenr
1313 1446 1381 1498 Alex.
1393 1450 1510 1498 Simmm.
1525 1449 1568 1505 Vl.
1583 1460 1606 1511 p.
1620 1453 1677 1507 loti,
1691 1448 1796 1499 accedet
1805 1452 1856 1498 ter-

237 1532 322 1581 irrisae.
1065 1520 1098 1569 tiu
1111 1519 1260 1570 riicuclssiml
1274 1522 1353 1584 poclm
1364 1519 1542 1569 Timocreontis
1556 1516 1649 1580 iaiysii.
1669 1539 1681 1562 n

1095 1650 1180 1698 xliiii.
1193 1651 1294 1696 Lemma
1305 1665 1310 1694 :
1326 1649 1382 1708 Τιμ.
1392 1647 1428 1694 Ῥ.
1442 1645 1538 1706 ὁμοίως.
1550 1645 1627 1694 iidem
1639 1646 1743 1696 numeri.
1755 1643 1801 1695 sod
1815 1659 1854 1694 ru·

268 1719 340 1766 XXX.
352 1719 469 1765 Lemma:
482 1716 536 1775 Ena
548 1714 680 1776 ἑξάμετρος,
693 1714 735 1761 αα)
746 1713 817 1766 ὀὗτος
831 1711 907 1774 (aiter
918 1714 1019 1771 versus)
1064 1717 1152 1767 (liores.
1163 1721 1199 1767 De
1207 1717 1294 1767 rorldc
1303 1722 1353 1766 rrot.
1366 1716 1470 1779 prrmcod.
1480 1742 1512 1752 —
1525 1721 1544 1764 l.
1560 1718 1586 1765 ln
1595 1716 1661 1773 linia
1670 1715 1751 1764 tucdia
1764 1715 1857 1765 voculis

235 1790 358 1851 τροιαῑκὸε
384 1786 533 1846 τετράπους
557 1785 619 1832 κατὰ
642 1784 764 1842 μετάθεσιν
785 1789 825 1841 τῆς
843 1784 933 1838 λέξεως.
957 1782 1018 1833 God
1065 1788 1198 1852 producta,
1224 1789 1295 1851 quud
1316 1786 1458 1836 maenuba.
1476 1785 1857 1847 oiouuia,utnomenieminae

236 1854 1020 1922 aalituqupenutrurpuevcrsu.luterilaipvrcb'imonidispusuii
1064 1858 1190 1922 proprium
1214 1862 1257 1915 (at
1275 1859 1300 1906 in
1315 1870 1370 1920 seq.
1394 1870 1418 1906 v.
1449 1856 1565 1920 φλυαρία)
1590 1855 1682 1920 :quod
1704 1856 1856 1910 inaeniosius

236 1931 321 1990 ilorci.
336 1945 359 1990 p,
378 1933 439 1983 darn.
456 1926 555 1975 rornila
573 1925 708 1975 retrabere
728 1925 1017 1987 suspicaturscbneide·
1064 1942 1139 1991 quam
1160 1928 1260 1978 certina.
1286 1931 1372 1979 Potoni
1392 1929 1457 1978 enim
1477 1928 1552 1988 incus
1566 1938 1620 1978 etse
1638 1929 1664 1978 in
1685 1927 1811 1988 dissimili,
1834 1929 1855 1978 si

236 2002 292 2048 nin.
310 1997 444 2061 (simonio.
464 1996 558 2058 lieiiqq.
574 2011 596 2061 p.
615 1997 678 2058 219)
696 2017 700 2044 ι
716 1995 860 2046 inimicitias
870 1996 946 2047 inissa
957 1997 1020 2047 inter
1064 2001 1131 2063 prior
1143 1999 1376 2056 versuasimouldla,
1390 1999 1453 2049 alter
1465 1996 1644 2049 Timocreontis
1657 1998 1794 2055 habeatem
1810 2012 1854 2062 pu-

235 2070 383 2120 Simonidem
396 2072 421 2116 ct
437 2067 632 2116 Timocreontem
644 2067 780 2127 tiliodium,
794 2068 869 2117 etiarn
881 2067 1018 2117 Themisto
1064 2074 1114 2118 tent
1127 2080 1225 2132 quoque
1248 2069 1272 2118 in
1291 2070 1365 2119 ninriii
1384 2082 1456 2127 esse,
1476 2070 1537 2118 dum
1550 2071 1693 2120 Timocreon
1712 2070 1756 2120 cei
1772 2077 1856 2134 poeto

235 2143 279 2190 ciis
299 2142 438 2193 inimicum.
455 2143 518 2188 teste
534 2139 604 2199 Dion.
629 2143 655 2190 L.
685 2143 715 2201 ΙΙ,
727 2144 771 2199 25.
786 2144 825 2198 id,
852 2143 877 2188 et
902 2140 977 2189 suida
993 2154 1018 2187 r.
1065 2139 1232 2202 nngrmiiatem
1248 2139 1302 2202 ipso
1319 2143 1453 2189 metrorum
1475 2151 1577 2188 recursu
1589 2143 1615 2189 et
1630 2139 1762 2189 verborum
1781 2142 1853 2191 naali-

235 2211 369 2273 Τιμοκρέων
382 2211 416 2257 'l'⁴
429 2207 500 2271 (coll.
515 2208 639 2260 Plutarch.
658 2210 776 2259 Thornlat.
791 2225 813 2258 c.
827 2211 936 2273 illaqui
948 2215 1019 2274 poeta
1064 2224 1111 2271 gna
1130 2210 1261 2259 iteratione
1278 2208 1387 2273 lapidare
1400 2210 1487 2260 roluit.
1504 2236 1536 2246 -
1550 2216 1573 2260 t.
1588 2229 1600 2251 a
1620 2210 1649 2260 in
1666 2211 1774 2260 ὲθιλονια
1794 2217 1856 2274 puto

236 2281 325 2343 lyricus
344 2299 356 2323 α
374 2293 450 2341 uuum
472 2279 504 2329 ab
525 2279 663 2330 Scholiasta
684 2281 708 2329 in
730 2281 845 2343 aristoph
879 2284 938 2330 tian.
960 2287 1017 2333 1³37
1066 2285 1089 2329 bt
1105 2281 1206 2342 produci
1224 2294 1295 2344 posse.
1311 2281 1343 2330 ob
1361 2282 1410 2330 rim
1433 2281 1561 2344 sequentis
1584 2279 1694 2344 liquidae.
1719 2283 1781 2330 Sunt
1798 2294 1855 2345 quae

235 2352 344 2406 ἐποποιός
359 2351 450 2400 dicitnr
464 2351 598 2412 (certatim
612 2351 657 2399 riri
674 2351 741 2400 docti
755 2352 877 2412 μελοποιός
890 2354 1018 2402 emendan-
1065 2351 1087 2398 id
1106 2352 1203 2400 lirrncni
1217 2352 1328 2415 ererrrpla
1340 2352 1364 2401 in
1378 2354 1451 2411 φίλος,
1463 2352 1540 2414 ψιλός,
1554 2350 1617 2408 allis,
1635 2350 1713 2414 prima
1724 2350 1855 2414 producta.

234 2423 292 2470 dum
311 2426 468 2477 censuerunt.
480 2424 663 2486 praepropere),
680 2423 811 2472 Simonidis
827 2424 951 2473 cavillatio
965 2428 1018 2474 tum
1066 2422 1127 2470 diibi
1140 2422 1232 2470 monui.
1246 2442 1257 2464 a
1273 2425 1301 2470 ii.
1320 2425 1351 2471 tt
1365 2422 1502 2472 docuerunt
1513 2423 1619 2482 metrici,
1630 2421 1689 2472 nibil
1707 2434 1762 2471 ease
1777 2422 1856 2473 olien-

234 2493 332 2541 domum
346 2491 469 2541 bominem
486 2493 614 2555 pungebat¹
631 2493 662 2553 si,
680 2493 747 2557 ‹prrod
764 2493 817 2556 ipsa
836 2494 878 2543 illa
895 2495 1019 2546 cavillatio
1064 2492 1139 2542 aionis
1155 2493 1180 2541 in
1195 2492 1291 2556 alarciyln
1307 2494 1392 2556 primae
1405 2493 1471 2542 scriis
1485 2495 1631 2543 tetramelri.

909 2669 937 2675 A.-
946 2657 1167 2685 *m

267 2841 551 2886 Abb.1ilt'colili.-
569 2838 621 2886 xx.
632 2863 663 2873 -
677 2843 699 2886 2.
716 2838 796 2894 Quum
812 2838 1018 2888 rnininrciorenda
1062 2839 1124 2901 αὐλ,
1141 2839 1205 2887 nulla
1217 2837 1374 2887 rnnrroiutionc
1392 2875 1396 2886 .
1411 2841 1440 2887 ut
1453 2838 1493 2887 ilio
1511 2838 1533 2886 in
1553 2852 1598 2887 sua
1616 2838 1730 2901 opinione
1745 2843 1848 2892 attulisse

236 2905 406 2969 interpretatio
430 2905 551 2963 rideatur.
568 2918 617 2969 qua
636 2908 717 2956 τέιινον
741 2909 792 2969 pai.
811 2910 856 2966 Γῆς
879 2908 910 2958 ad
930 2907 1018 2968 libias,
1064 2907 1187 2970 putandus
1206 2905 1245 2962 nit,
1260 2918 1316 2968 quill
1330 2918 1389 2956 cane
1408 2907 1511 2957 adversa
1528 2907 1608 2958 minito
1628 2911 1669 2958 cst
1682 2907 1850 2971 probabilior.

236 2978 329 3026 siccex
351 2976 472 3026 amandine
497 2982 651 3041 compactae,
675 2976 726 3026 nive
741 2984 877 3040 rongentonn,
894 2979 1018 3035 reiciunt,
1064 2981 1115 3040 Ego
1131 2983 1213 3028 cautem
1235 2977 1266 3026 dc
1281 2980 1389 3039 μελαίνης
1409 2978 1481 3027 vaide
1498 2975 1588 3028 dubius
1608 2990 1677 3037 sum,
1696 2978 1855 3040 libenterque

235 3048 334 3096 urnnino
349 3046 486 3096 revocanda
509 3047 605 3107 bergill
621 3047 754 3103 sententia.
771 3062 844 3110 quam
859 3047 896 3097 sic
919 3049 1019 3111 exponit
1065 3048 1163 3098 credam
1179 3051 1282 3107 ιλιεννῆς
1297 3062 1312 3097 a
1327 3051 1399 3111 pineta
1416 3049 1523 3112 positum
1539 3062 1609 3108 enoc,
1623 3048 1691 3113 qnod
1706 3062 1735 3099 er
1762 3048 1852 3098 vitiosa

234 3118 410 3167 Schneidewin.
419 3117 472 3167 Del.
488 3132 511 3180 p.
526 3123 571 3167 422
585 3138 611 3165 :a
623 3118 741 3180 nummus
752 3119 792 3182 [in
802 3119 942 3168 Zimmenn.
951 3120 1017 3168 Dian.
1064 3118 1184 3182 arripiam
1197 3123 1304 3177 αλεαινῆς
1313 3118 1338 3167 in
1347 3120 1453 3176 αελιιίιης
1463 3121 1489 3168 ci
1500 3121 1653 3182 postremum
1663 3118 1775 3179 μελαίνης
1788 3116 1854 3168 abic-

234 3189 331 3238 Palluit.
346 3194 413 3247 1888,
428 3193 447 3244 1,
461 3188 496 3253 p]
511 3191 540 3238 al
555 3189 586 3237 ad
603 3190 686 3243 Ὀλπιι
705 3188 799 3250 adjecta
815 3195 885 3238 ratus
898 3190 1020 3254 interpre-
1064 3191 1105 3241 rit.
1129 3191 1282 3253 adjectivum
1304 3189 1392 3243 ιιλιινός
1418 3203 1465 3238 non
1491 3202 1572 3238 rurum
1592 3188 1624 3237 de
1645 3187 1751 3237 orbibus
1776 3189 1854 3251 regio

236 3263 303 3309 tatur
323 3262 348 3310 in
365 3261 464 3310 laudem
483 3266 523 3318 τῆς
538 3261 698 3321 direptoriam.
715 3260 802 3309 itlticis
815 3261 953 3310 inanimam.
967 3264 1019 3310 lion
1066 3262 1205 3323 nibnsquu:
1223 3261 1331 3309 ἀκλεινὰ
1343 3267 1374 3320 γᾶ
1388 3261 1532 3318 Μυκηναίων
1555 3261 1629 3322 Sopir.
1647 3260 1683 3308 ul.
1702 3264 1755 3312 iad.
1770 3261 1815 3310 oui
1829 3265 1854 3310 et

235 3330 316 3379 credo.
331 3353 341 3373 ι
354 3334 497 3394 Quanquam
508 3330 566 3392 qnid
581 3329 663 3380 obsint
676 3330 736 3392 quin
747 3331 816 3393 Olpis
826 3330 865 3378 iile
876 3331 913 3379 rel
923 3331 983 3393 opis
993 3336 1020 3380 nt
1067 3334 1155 3381 aternani
1170 3333 1260 3390 Ἀθῆναι
1273 3332 1334 3381 ‹iixil
1348 3335 1384 3395 Α).
1403 3337 1457 3392 880,
1470 3336 1526 3395 port
1541 3331 1673 3380 Pindarum
1683 3330 1781 3394 liiitlyr.
1798 3332 1853 3383 l'r.l

235 3403 356 3464 αὐτόχθων
368 3404 383 3452 i.
401 3417 423 3452 c.
443 3404 536 3461 εὐγενὴς
553 3400 757 3451 commendetur?
770 3400 865 3458 Berulii
881 3401 981 3464 quidem
996 3403 1021 3452 in
1066 3403 1261 3453 celebratissimo
1278 3405 1317 3452 :et
1333 3421 1358 3451 τε
1370 3405 1466 3465 >mecei
1476 3405 1518 3452 καὶ
1536 3405 1672 3464 ἰοστέφανοι
1684 3403 1726 3451 nai
1738 3402 1853 3464 detineor,

236 3474 290 3525 tn.
302 3486 338 3533 gr.
350 3486 373 3529 p.
391 3477 437 3522 818
452 3473 493 3522 aii.
507 3472 545 3522 ed.
560 3474 677 3536 scriptum
693 3475 772 3522 τέκνον
783 3475 890 3533 μελαίνης
898 3480 948 3533 pm,
966 3492 1020 3538 χαρ.
1065 3474 1174 3530 Ἑλλάδος
1188 3475 1295 3538 increpa,
1310 3474 1430 3522 ιιλειναὶ
1453 3473 1585 3531 Ἀθῆναι.
