<?xml version="1.0" encoding="UTF-8"?>
<!DOCTYPE html PUBLIC "-//W3C//DTD XHTML 1.0 Transitional//EN"
    "http://www.w3.org/TR/xhtml1/DTD/xhtml1-transitional.dtd">
<html xmlns="http://www.w3.org/1999/xhtml" xml:lang="en" lang="en">
 <head>
  <title>
</title>
<meta http-equiv="Content-Type" content="text/html;charset=utf-8" />
  <meta name='ocr-system' content='tesseract 3.04.00' />
  <meta name='ocr-capabilities' content='ocr_page ocr_carea ocr_par ocr_line ocrx_word'/>
</head>
<body>
  <div class='ocr_page' id='page_1' title='image "./epigrammatumant01plangoog_0364.png"; bbox 0 0 3810 5910; ppageno 0'>
   <div class='ocr_carea' id='block_1_1' title="bbox 405 340 1451 416">
    <p class='ocr_par' dir='ltr' id='par_1_1' title="bbox 405 340 1451 416">
     <span class='ocr_line' id='line_1_1' title="bbox 405 340 1451 416; baseline 0.002 -4"><span class='ocrx_word' id='word_1_1' title='bbox 405 352 529 412; x_wconf 80' lang='lat' dir='ltr'>CAPUT</span> <span class='ocrx_word' id='word_1_2' title='bbox 550 352 600 410; x_wconf 91' lang='grc' dir='ltr'><strong>Χί.</strong></span> <span class='ocrx_word' id='word_1_3' title='bbox 624 340 904 411; x_wconf 77' lang='lat' dir='ltr'><strong>urtoudttttd&#39;td</strong></span> <span class='ocrx_word' id='word_1_4' title='bbox 926 346 1159 411; x_wconf 76' lang='lat' dir='ltr'><strong>douvtvdttu</strong></span> <span class='ocrx_word' id='word_1_5' title='bbox 1179 353 1229 412; x_wconf 84' lang='lat' dir='ltr'><strong>ET</strong></span> <span class='ocrx_word' id='word_1_6' title='bbox 1249 354 1451 416; x_wconf 77' lang='lat' dir='ltr'><strong>tautsdttld.</strong></span> 
     </span>
    </p>
   </div>
   <div class='ocr_carea' id='block_1_2' title="bbox 73 481 906 1972">
    <p class='ocr_par' dir='ltr' id='par_1_2' title="bbox 73 481 906 1972">
     <span class='ocr_line' id='line_1_2' title="bbox 168 481 673 561; baseline -0.004 -20"><span class='ocrx_word' id='word_1_7' title='bbox 168 487 211 552; x_wconf 80' lang='grc' dir='ltr'><strong>τῆς</strong></span> <span class='ocrx_word' id='word_1_8' title='bbox 224 483 381 548; x_wconf 80' lang='grc' dir='ltr'>παιωνιοίδος</span> <span class='ocrx_word' id='word_1_9' title='bbox 395 482 555 559; x_wconf 82' lang='grc' dir='ltr'>πληθόμενος</span> <span class='ocrx_word' id='word_1_10' title='bbox 571 481 673 561; x_wconf 88' lang='grc' dir='ltr'>σοφίης,</span> 
     </span>
     <span class='ocr_line' id='line_1_3' title="bbox 128 567 854 648; baseline -0.001 -22"><span class='ocrx_word' id='word_1_11' title='bbox 128 580 212 627; x_wconf 81' lang='grc' dir='ltr'>πᾶσαν</span> <span class='ocrx_word' id='word_1_12' title='bbox 227 571 294 648; x_wconf 76' lang='grc' dir='ltr'>ἔχων</span> <span class='ocrx_word' id='word_1_13' title='bbox 310 570 456 648; x_wconf 70' lang='grc' dir='ltr'>πρόγνωσιν</span> <span class='ocrx_word' id='word_1_14' title='bbox 472 574 497 628; x_wconf 78' lang='grc' dir='ltr'><strong>ἐν</strong></span> <span class='ocrx_word' id='word_1_15' title='bbox 512 572 618 647; x_wconf 77' lang='grc' dir='ltr'>οίλγεσιν</span> <span class='ocrx_word' id='word_1_16' title='bbox 631 614 638 640; x_wconf 94' lang='grc'>,</span> <span class='ocrx_word' id='word_1_17' title='bbox 651 568 680 628; x_wconf 78' lang='grc' dir='ltr'>οὔ</span> <span class='ocrx_word' id='word_1_18' title='bbox 693 591 718 627; x_wconf 89' lang='grc' dir='ltr'><strong>τι</strong></span> <span class='ocrx_word' id='word_1_19' title='bbox 734 567 854 648; x_wconf 80' lang='grc' dir='ltr'>περιττόν</span> 
     </span>
     <span class='ocr_line' id='line_1_4' title="bbox 165 656 706 738; baseline 0 -22"><span class='ocrx_word' id='word_1_20' title='bbox 165 661 230 716; x_wconf 80' lang='grc' dir='ltr'>ἄλλο</span> <span class='ocrx_word' id='word_1_21' title='bbox 247 658 429 737; x_wconf 83' lang='grc' dir='ltr'>προαγγίλλοιν</span> <span class='ocrx_word' id='word_1_22' title='bbox 444 660 460 728; x_wconf 73' lang='grc' dir='ltr'><strong>ἢ</strong></span> <span class='ocrx_word' id='word_1_23' title='bbox 478 656 508 716; x_wconf 79' lang='grc' dir='ltr'>τό</span> <span class='ocrx_word' id='word_1_24' title='bbox 522 659 706 738; x_wconf 81' lang='grc' dir='ltr'>γενησόμενον.</span> 
     </span>
     <span class='ocr_line' id='line_1_5' title="bbox 127 742 866 820; baseline -0.005 -16"><span class='ocrx_word' id='word_1_25' title='bbox 127 745 290 818; x_wconf 75' lang='grc' dir='ltr'>Ἀλκιμένους</span> <span class='ocrx_word' id='word_1_26' title='bbox 305 745 325 802; x_wconf 86' lang='grc' dir='ltr'><strong>δ’</strong></span> <span class='ocrx_word' id='word_1_27' title='bbox 339 747 456 804; x_wconf 79' lang='grc' dir='ltr'>ἐδόκευεν</span> <span class='ocrx_word' id='word_1_28' title='bbox 471 748 622 817; x_wconf 79' lang='grc' dir='ltr'>ἀνάκλισιν,</span> <span class='ocrx_word' id='word_1_29' title='bbox 638 744 668 802; x_wconf 82' lang='grc' dir='ltr'><strong>ἔκ</strong></span> <span class='ocrx_word' id='word_1_30' title='bbox 685 764 712 802; x_wconf 88' lang='grc' dir='ltr'><strong>τε</strong></span> <span class='ocrx_word' id='word_1_31' title='bbox 725 742 866 820; x_wconf 82' lang='grc' dir='ltr'><strong>προσώπου</strong></span> 
     </span>
     <span class='ocr_line' id='line_1_6' title="bbox 73 830 798 914; baseline -0.008 -19"><span class='ocrx_word' id='word_1_32' title='bbox 73 857 98 896; x_wconf 87' lang='grc' dir='ltr'><strong>ιο</strong></span> <span class='ocrx_word' id='word_1_33' title='bbox 166 835 290 914; x_wconf 81' lang='grc' dir='ltr'>φράζετο,</span> <span class='ocrx_word' id='word_1_34' title='bbox 305 833 349 892; x_wconf 79' lang='grc' dir='ltr'><strong>καὶ</strong></span> <span class='ocrx_word' id='word_1_35' title='bbox 365 835 491 908; x_wconf 83' lang='grc' dir='ltr'>παλάμης</span> <span class='ocrx_word' id='word_1_36' title='bbox 504 838 586 914; x_wconf 72' lang='grc' dir='ltr'>ψαῦον</span> <span class='ocrx_word' id='word_1_37' title='bbox 602 830 798 907; x_wconf 79' lang='grc' dir='ltr'>ἐπισταμένως,</span> 
     </span>
     <span class='ocr_line' id='line_1_7' title="bbox 125 919 816 1000; baseline 0.001 -23"><span class='ocrx_word' id='word_1_38' title='bbox 125 923 170 977; x_wconf 80' lang='grc' dir='ltr'><strong>καὶ</strong></span> <span class='ocrx_word' id='word_1_39' title='bbox 185 922 214 979; x_wconf 82' lang='grc' dir='ltr'><strong>τὸ</strong></span> <span class='ocrx_word' id='word_1_40' title='bbox 228 923 287 999; x_wconf 81' lang='grc' dir='ltr'>περὶ</span> <span class='ocrx_word' id='word_1_41' title='bbox 302 922 431 1000; x_wconf 76' lang='grc' dir='ltr'>κρισίμων</span> <span class='ocrx_word' id='word_1_42' title='bbox 444 919 530 999; x_wconf 81' lang='grc' dir='ltr'>φαέων</span> <span class='ocrx_word' id='word_1_43' title='bbox 544 920 674 997; x_wconf 77' lang='grc' dir='ltr'>ἐλογίζετο</span> <span class='ocrx_word' id='word_1_44' title='bbox 688 921 816 998; x_wconf 90' lang='grc' dir='ltr'>γράμμα,</span> 
     </span>
     <span class='ocr_line' id='line_1_8' title="bbox 165 1007 805 1087; baseline 0.005 -23"><span class='ocrx_word' id='word_1_45' title='bbox 165 1008 242 1066; x_wconf 86' lang='grc' dir='ltr'>πάντ’</span> <span class='ocrx_word' id='word_1_46' title='bbox 257 1013 454 1083; x_wconf 78' lang='grc' dir='ltr'>ἀναπιμπόζυιν</span> <span class='ocrx_word' id='word_1_47' title='bbox 466 1012 516 1087; x_wconf 75' lang='grc' dir='ltr'>οὐχ</span> <span class='ocrx_word' id='word_1_48' title='bbox 530 1010 591 1074; x_wconf 79' lang='grc' dir='ltr'>ἑκὰς</span> <span class='ocrx_word' id='word_1_49' title='bbox 605 1007 805 1085; x_wconf 69' lang='grc' dir='ltr'>Ἱπποκράτους.</span> 
     </span>
     <span class='ocr_line' id='line_1_9' title="bbox 128 1094 824 1176; baseline -0.004 -22"><span class='ocrx_word' id='word_1_50' title='bbox 128 1099 181 1154; x_wconf 79' lang='grc' dir='ltr'><strong>Καὶ</strong></span> <span class='ocrx_word' id='word_1_51' title='bbox 195 1097 253 1154; x_wconf 86' lang='grc' dir='ltr'>τότε</span> <span class='ocrx_word' id='word_1_52' title='bbox 266 1097 314 1167; x_wconf 84' lang='grc' dir='ltr'><strong>τὴν</strong></span> <span class='ocrx_word' id='word_1_53' title='bbox 328 1098 475 1176; x_wconf 77' lang='grc' dir='ltr'>πρόγνωσιν</span> <span class='ocrx_word' id='word_1_54' title='bbox 490 1100 515 1165; x_wconf 77' lang='grc' dir='ltr'><strong>ἐς</strong></span> <span class='ocrx_word' id='word_1_55' title='bbox 527 1096 683 1172; x_wconf 78' lang='grc' dir='ltr'>Ἀλκιμένην</span> <span class='ocrx_word' id='word_1_56' title='bbox 698 1094 824 1174; x_wconf 80' lang='grc' dir='ltr'>ιἰνεφόινιι</span> 
     </span>
     <span class='ocr_line' id='line_1_10' title="bbox 164 1183 707 1262; baseline 0.006 -22"><span class='ocrx_word' id='word_1_57' title='bbox 164 1185 421 1259; x_wconf 83' lang='grc' dir='ltr'>σεμνοπροσωπήσας</span> <span class='ocrx_word' id='word_1_58' title='bbox 436 1184 481 1243; x_wconf 81' lang='grc' dir='ltr'><strong>καὶ</strong></span> <span class='ocrx_word' id='word_1_59' title='bbox 495 1183 707 1262; x_wconf 69' lang='grc' dir='ltr'>σοθαρευόμενος</span> 
     </span>
     <span class='ocr_line' id='line_1_11' title="bbox 73 1271 904 1351; baseline 0 -22"><span class='ocrx_word' id='word_1_60' title='bbox 73 1298 96 1334; x_wconf 73' lang='grc' dir='ltr'>,ε</span> <span class='ocrx_word' id='word_1_61' title='bbox 128 1298 140 1323; x_wconf 91' lang='grc' dir='ltr'><strong>ι</strong></span> <span class='ocrx_word' id='word_1_62' title='bbox 160 1271 195 1330; x_wconf 81' lang='grc' dir='ltr'><strong>Εἴ</strong></span> <span class='ocrx_word' id='word_1_63' title='bbox 206 1295 235 1348; x_wconf 85' lang='grc' dir='ltr'><strong>γε</strong></span> <span class='ocrx_word' id='word_1_64' title='bbox 251 1271 350 1351; x_wconf 77' lang='grc' dir='ltr'>φάρυγξ</span> <span class='ocrx_word' id='word_1_65' title='bbox 369 1272 521 1350; x_wconf 76' lang='grc' dir='ltr'>βομόεῧσα,</span> <span class='ocrx_word' id='word_1_66' title='bbox 535 1273 580 1331; x_wconf 83' lang='grc' dir='ltr'><strong>καὶ</strong></span> <span class='ocrx_word' id='word_1_67' title='bbox 593 1271 671 1350; x_wconf 80' lang='grc' dir='ltr'>ἄγρια</span> <span class='ocrx_word' id='word_1_68' title='bbox 683 1272 810 1349; x_wconf 86' lang='grc' dir='ltr'>τόμμοιτα</span> <span class='ocrx_word' id='word_1_69' title='bbox 825 1273 904 1329; x_wconf 88' lang='grc' dir='ltr'>πλευ·</span> 
     </span>
     <span class='ocr_line' id='line_1_12' title="bbox 165 1359 905 1442; baseline 0.001 -24"><span class='ocrx_word' id='word_1_70' title='bbox 165 1388 176 1411; x_wconf 85' lang='grc' dir='ltr'><strong>ι</strong></span> <span class='ocrx_word' id='word_1_71' title='bbox 193 1360 237 1418; x_wconf 79' lang='grc' dir='ltr'><strong>καί</strong></span> <span class='ocrx_word' id='word_1_72' title='bbox 251 1364 355 1440; x_wconf 81' lang='grc' dir='ltr'>πυρετῷ</span> <span class='ocrx_word' id='word_1_73' title='bbox 369 1360 442 1431; x_wconf 78' lang='grc' dir='ltr'>λήξει</span> <span class='ocrx_word' id='word_1_74' title='bbox 458 1367 560 1436; x_wconf 77' lang='grc' dir='ltr'>πνεῦμα</span> <span class='ocrx_word' id='word_1_75' title='bbox 576 1360 759 1437; x_wconf 88' lang='grc' dir='ltr'>δασυνόμενον,</span> <span class='ocrx_word' id='word_1_76' title='bbox 829 1359 905 1442; x_wconf 74' lang='grc' dir='ltr'>Ιροῢ,</span> 
     </span>
     <span class='ocr_line' id='line_1_13' title="bbox 102 1449 737 1528; baseline 0.005 -23"><span class='ocrx_word' id='word_1_77' title='bbox 102 1478 113 1500; x_wconf 84' lang='grc' dir='ltr'><strong>ι</strong></span> <span class='ocrx_word' id='word_1_78' title='bbox 125 1449 209 1507; x_wconf 82' lang='grc' dir='ltr'>οὐκέτι</span> <span class='ocrx_word' id='word_1_79' title='bbox 221 1449 336 1520; x_wconf 74' lang='grc' dir='ltr'>τεθνήξει</span> <span class='ocrx_word' id='word_1_80' title='bbox 348 1451 503 1527; x_wconf 80' lang='grc' dir='ltr'>πλευρίτιδι·</span> <span class='ocrx_word' id='word_1_81' title='bbox 518 1456 596 1508; x_wconf 75' lang='grc' dir='ltr'>τοῦτο</span> <span class='ocrx_word' id='word_1_82' title='bbox 610 1449 662 1528; x_wconf 78' lang='grc' dir='ltr'><strong>γάρ</strong></span> <span class='ocrx_word' id='word_1_83' title='bbox 673 1453 737 1526; x_wconf 82' lang='grc' dir='ltr'>ἡμῖν</span> 
     </span>
     <span class='ocr_line' id='line_1_14' title="bbox 165 1536 764 1614; baseline 0.007 -20"><span class='ocrx_word' id='word_1_84' title='bbox 165 1565 176 1588; x_wconf 90' lang='grc' dir='ltr'><strong>ιι</strong></span> <span class='ocrx_word' id='word_1_85' title='bbox 189 1536 319 1612; x_wconf 77' lang='grc' dir='ltr'>σόμθολον</span> <span class='ocrx_word' id='word_1_86' title='bbox 337 1539 479 1613; x_wconf 81' lang='grc' dir='ltr'>ίσσομένης</span> <span class='ocrx_word' id='word_1_87' title='bbox 496 1539 565 1596; x_wconf 75' lang='grc' dir='ltr'>ἐστὶν</span> <span class='ocrx_word' id='word_1_88' title='bbox 582 1537 764 1614; x_wconf 79' lang='grc' dir='ltr'>ἀπημοσόνηι.</span> 
     </span>
     <span class='ocr_line' id='line_1_15' title="bbox 126 1624 906 1707; baseline -0.006 -21"><span class='ocrx_word' id='word_1_89' title='bbox 126 1653 136 1676; x_wconf 87' lang='grc' dir='ltr'><strong>ι</strong></span> <span class='ocrx_word' id='word_1_90' title='bbox 152 1624 261 1705; x_wconf 84' lang='grc' dir='ltr'>Θάρσει·</span> <span class='ocrx_word' id='word_1_91' title='bbox 277 1627 318 1684; x_wconf 86' lang='grc' dir='ltr'><strong>τὸν</strong></span> <span class='ocrx_word' id='word_1_92' title='bbox 336 1627 441 1701; x_wconf 84' lang='grc' dir='ltr'>νομικὸν</span> <span class='ocrx_word' id='word_1_93' title='bbox 458 1628 484 1686; x_wconf 74' lang='grc' dir='ltr'><strong>δὲ</strong></span> <span class='ocrx_word' id='word_1_94' title='bbox 499 1628 594 1697; x_wconf 80' lang='grc' dir='ltr'>κάλει,</span> <span class='ocrx_word' id='word_1_95' title='bbox 607 1627 653 1686; x_wconf 79' lang='grc' dir='ltr'><strong>καὶ</strong></span> <span class='ocrx_word' id='word_1_96' title='bbox 666 1625 795 1707; x_wconf 81' lang='grc' dir='ltr'>χρήματα</span> <span class='ocrx_word' id='word_1_97' title='bbox 810 1631 906 1684; x_wconf 69' lang='grc' dir='ltr'>σαυτοῦ</span> 
     </span>
     <span class='ocr_line' id='line_1_16' title="bbox 81 1700 757 1794; baseline -0.006 -19"><span class='ocrx_word' id='word_1_98' title='bbox 81 1740 105 1775; x_wconf 76' lang='grc' dir='ltr'>ιω</span> <span class='ocrx_word' id='word_1_99' title='bbox 167 1743 178 1764; x_wconf 78' lang='grc' dir='ltr'><strong>ι</strong></span> <span class='ocrx_word' id='word_1_100' title='bbox 197 1700 226 1774; x_wconf 78' lang='grc' dir='ltr'><strong>ιθ</strong></span> <span class='ocrx_word' id='word_1_101' title='bbox 241 1714 351 1786; x_wconf 86' lang='grc' dir='ltr'>διαθεὶς,</span> <span class='ocrx_word' id='word_1_102' title='bbox 369 1717 456 1792; x_wconf 87' lang='grc' dir='ltr'>βιότου</span> <span class='ocrx_word' id='word_1_103' title='bbox 471 1718 535 1792; x_wconf 74' lang='grc' dir='ltr'>λῆγε</span> <span class='ocrx_word' id='word_1_104' title='bbox 552 1713 757 1794; x_wconf 89' lang='grc' dir='ltr'>μεριμνοτόκου,</span> 
     </span>
     <span class='ocr_line' id='line_1_17' title="bbox 125 1801 819 1884; baseline -0.001 -23"><span class='ocrx_word' id='word_1_105' title='bbox 125 1831 135 1852; x_wconf 84' lang='grc' dir='ltr'><strong>ι</strong></span> <span class='ocrx_word' id='word_1_106' title='bbox 150 1801 196 1861; x_wconf 83' lang='grc' dir='ltr'><strong>καί</strong></span> <span class='ocrx_word' id='word_1_107' title='bbox 210 1826 242 1878; x_wconf 90' lang='grc' dir='ltr'><strong>με</strong></span> <span class='ocrx_word' id='word_1_108' title='bbox 252 1802 295 1861; x_wconf 77' lang='grc' dir='ltr'>τόν</span> <span class='ocrx_word' id='word_1_109' title='bbox 308 1803 412 1884; x_wconf 78' lang='grc' dir='ltr'>ἰητρόν,</span> <span class='ocrx_word' id='word_1_110' title='bbox 430 1803 587 1882; x_wconf 77' lang='grc' dir='ltr'>προρρήσιος</span> <span class='ocrx_word' id='word_1_111' title='bbox 601 1805 697 1862; x_wconf 87' lang='grc' dir='ltr'>είνικιν</span> <span class='ocrx_word' id='word_1_112' title='bbox 712 1804 819 1875; x_wconf 71' lang='grc' dir='ltr'>ἐσθλῆς,</span> 
     </span>
     <span class='ocr_line' id='line_1_18' title="bbox 164 1893 772 1972; baseline 0.002 -23"><span class='ocrx_word' id='word_1_113' title='bbox 164 1894 215 1950; x_wconf 73' lang='grc' dir='ltr'><strong>«ἐν</strong></span> <span class='ocrx_word' id='word_1_114' title='bbox 226 1893 334 1971; x_wconf 79' lang='grc' dir='ltr'>τριτάτῃ</span> <span class='ocrx_word' id='word_1_115' title='bbox 351 1893 428 1972; x_wconf 72' lang='grc' dir='ltr'><strong>μοίρρΙ</strong></span> <span class='ocrx_word' id='word_1_116' title='bbox 445 1893 558 1951; x_wconf 84' lang='grc' dir='ltr'>κάλλιπε</span> <span class='ocrx_word' id='word_1_117' title='bbox 576 1893 772 1970; x_wconf 65' lang='grc' dir='ltr'>κληρονόμον.»</span> 
     </span>
    </p>
   </div>
   <div class='ocr_carea' id='block_1_3' title="bbox 123 2038 844 2255">
    <p class='ocr_par' dir='ltr' id='par_1_3' title="bbox 123 2038 844 2255">
     <span class='ocr_line' id='line_1_19' title="bbox 375 2038 656 2096; baseline -0.004 -2"><span class='ocrx_word' id='word_1_118' title='bbox 375 2046 441 2095; x_wconf 79' lang='grc'><strong>383.</strong></span> <span class='ocrx_word' id='word_1_119' title='bbox 465 2038 656 2096; x_wconf 60' lang='lat' dir='ltr'><strong>[tutundit.</strong></span> 
     </span>
     <span class='ocr_line' id='line_1_20' title="bbox 123 2166 844 2255; baseline -0.001 -22"><span class='ocrx_word' id='word_1_120' title='bbox 123 2166 176 2233; x_wconf 81' lang='grc' dir='ltr'><strong>Ἦν</strong></span> <span class='ocrx_word' id='word_1_121' title='bbox 190 2175 241 2253; x_wconf 75' lang='grc' dir='ltr'><strong>ἄρα</strong></span> <span class='ocrx_word' id='word_1_122' title='bbox 253 2176 297 2232; x_wconf 83' lang='grc' dir='ltr'><strong>καὶ</strong></span> <span class='ocrx_word' id='word_1_123' title='bbox 315 2176 429 2234; x_wconf 87' lang='grc' dir='ltr'>κοίνθωσι</span> <span class='ocrx_word' id='word_1_124' title='bbox 439 2176 516 2254; x_wconf 77' lang='grc' dir='ltr'><strong>Τύχη</strong></span> <span class='ocrx_word' id='word_1_125' title='bbox 529 2177 634 2255; x_wconf 78' lang='grc' dir='ltr'>χαλεπή</span> <span class='ocrx_word' id='word_1_126' title='bbox 648 2198 675 2233; x_wconf 89' lang='grc' dir='ltr'><strong>τε</strong></span> <span class='ocrx_word' id='word_1_127' title='bbox 689 2174 733 2233; x_wconf 84' lang='grc' dir='ltr'>κοιλ</span> <span class='ocrx_word' id='word_1_128' title='bbox 750 2172 844 2248; x_wconf 78' lang='grc' dir='ltr'>ἐσθλὴ,</span> 
     </span>
    </p>
   </div>
   <div class='ocr_carea' id='block_1_4' title="bbox 124 2263 852 2698">
    <p class='ocr_par' dir='ltr' id='par_1_4' title="bbox 124 2263 852 2698">
     <span class='ocr_line' id='line_1_21' title="bbox 163 2263 766 2345; baseline -0.003 -23"><span class='ocrx_word' id='word_1_129' title='bbox 163 2265 208 2322; x_wconf 83' lang='grc' dir='ltr'><strong>καί</strong></span> <span class='ocrx_word' id='word_1_130' title='bbox 225 2263 322 2345; x_wconf 81' lang='grc' dir='ltr'>Κρόνος</span> <span class='ocrx_word' id='word_1_131' title='bbox 334 2269 463 2343; x_wconf 82' lang='grc' dir='ltr'>όιρονομεῖ</span> <span class='ocrx_word' id='word_1_132' title='bbox 476 2265 642 2345; x_wconf 85' lang='grc' dir='ltr'>τετραπόδων</span> <span class='ocrx_word' id='word_1_133' title='bbox 657 2264 766 2342; x_wconf 85' lang='grc' dir='ltr'>γίνεσιν.</span> 
     </span>
     <span class='ocr_line' id='line_1_22' title="bbox 125 2350 846 2433; baseline 0 -24"><span class='ocrx_word' id='word_1_134' title='bbox 125 2351 216 2418; x_wconf 71' lang='grc' dir='ltr'>Ἰἰξότε</span> <span class='ocrx_word' id='word_1_135' title='bbox 228 2353 278 2428; x_wconf 73' lang='grc' dir='ltr'><strong>γὰρ</strong></span> <span class='ocrx_word' id='word_1_136' title='bbox 295 2352 339 2410; x_wconf 81' lang='grc' dir='ltr'><strong>καὶ</strong></span> <span class='ocrx_word' id='word_1_137' title='bbox 351 2360 440 2411; x_wconf 78' lang='grc' dir='ltr'>τοῦτον</span> <span class='ocrx_word' id='word_1_138' title='bbox 452 2353 511 2412; x_wconf 83' lang='grc' dir='ltr'>δνον</span> <span class='ocrx_word' id='word_1_139' title='bbox 527 2354 641 2431; x_wconf 79' lang='grc' dir='ltr'>χαλεπὸς</span> <span class='ocrx_word' id='word_1_140' title='bbox 655 2353 747 2433; x_wconf 79' lang='grc' dir='ltr'>χρόνος</span> <span class='ocrx_word' id='word_1_141' title='bbox 759 2350 846 2430; x_wconf 56' lang='lat' dir='ltr'><strong>lupar,</strong></span> 
     </span>
     <span class='ocr_line' id='line_1_23' title="bbox 164 2439 709 2520; baseline 0.004 -23"><span class='ocrx_word' id='word_1_142' title='bbox 164 2440 189 2506; x_wconf 75' lang='grc' dir='ltr'><strong>ἐξ</strong></span> <span class='ocrx_word' id='word_1_143' title='bbox 202 2439 382 2518; x_wconf 69' lang='grc' dir='ltr'>ἀλαόοιρχείης</span> <span class='ocrx_word' id='word_1_144' title='bbox 395 2445 581 2520; x_wconf 81' lang='grc' dir='ltr'>γραμματικοῦ</span> <span class='ocrx_word' id='word_1_145' title='bbox 594 2439 709 2518; x_wconf 84' lang='grc' dir='ltr'>γίγσκεν.</span> 
     </span>
     <span class='ocr_line' id='line_1_24' title="bbox 124 2525 852 2609; baseline -0.001 -24"><span class='ocrx_word' id='word_1_146' title='bbox 124 2530 209 2596; x_wconf 64' lang='lat' dir='ltr'><strong>&#39;iiiii</strong></span> <span class='ocrx_word' id='word_1_147' title='bbox 224 2528 308 2609; x_wconf 84' lang='grc' dir='ltr'>φέρειν</span> <span class='ocrx_word' id='word_1_148' title='bbox 324 2529 429 2598; x_wconf 77' lang='grc' dir='ltr'>λοιπόν,</span> <span class='ocrx_word' id='word_1_149' title='bbox 441 2529 576 2599; x_wconf 61' lang='lat' dir='ltr'><strong>nequitu·</strong></span> <span class='ocrx_word' id='word_1_150' title='bbox 592 2538 785 2608; x_wconf 84' lang='grc' dir='ltr'>γραμματικοῖς</span> <span class='ocrx_word' id='word_1_151' title='bbox 800 2525 852 2608; x_wconf 75' lang='grc' dir='ltr'><strong>γὰρ</strong></span> 
     </span>
     <span class='ocr_line' id='line_1_25' title="bbox 165 2616 743 2698; baseline 0.003 -24"><span class='ocrx_word' id='word_1_152' title='bbox 165 2616 222 2674; x_wconf 77' lang='grc' dir='ltr'>οὐδὲ</span> <span class='ocrx_word' id='word_1_153' title='bbox 238 2619 311 2683; x_wconf 78' lang='grc' dir='ltr'>τέλος</span> <span class='ocrx_word' id='word_1_154' title='bbox 325 2623 416 2698; x_wconf 82' lang='grc' dir='ltr'>κριθῇ,</span> <span class='ocrx_word' id='word_1_155' title='bbox 431 2627 475 2698; x_wconf 88' lang='grc' dir='ltr'><strong>κρῖ</strong></span> <span class='ocrx_word' id='word_1_156' title='bbox 493 2618 520 2677; x_wconf 78' lang='grc' dir='ltr'><strong>δὲ</strong></span> <span class='ocrx_word' id='word_1_157' title='bbox 536 2617 614 2694; x_wconf 90' lang='grc' dir='ltr'>μόνον</span> <span class='ocrx_word' id='word_1_158' title='bbox 629 2618 743 2696; x_wconf 80' lang='grc' dir='ltr'>λέγεται.</span> 
     </span>
    </p>
   </div>
   <div class='ocr_carea' id='block_1_5' title="bbox 381 2764 650 2813">
    <p class='ocr_par' dir='ltr' id='par_1_5' title="bbox 381 2764 650 2813">
     <span class='ocr_line' id='line_1_26' title="bbox 381 2764 650 2813; baseline -0.015 0"><span class='ocrx_word' id='word_1_159' title='bbox 381 2764 442 2813; x_wconf 83' lang='grc'><strong>384.</strong></span> <span class='ocrx_word' id='word_1_160' title='bbox 468 2766 527 2811; x_wconf 87' lang='grc' dir='ltr'><strong>ΤΟΥ</strong></span> <span class='ocrx_word' id='word_1_161' title='bbox 547 2766 650 2812; x_wconf 82' lang='grc' dir='ltr'><strong>ΑΥΤΟΥ.</strong></span> 
     </span>
    </p>
   </div>
   <div class='ocr_carea' id='block_1_6' title="bbox 127 2890 906 3059">
    <p class='ocr_par' dir='ltr' id='par_1_6' title="bbox 127 2890 906 3059">
     <span class='ocr_line' id='line_1_27' title="bbox 127 2890 906 2968; baseline 0.003 -22"><span class='ocrx_word' id='word_1_162' title='bbox 127 2891 158 2946; x_wconf 67' lang='lat' dir='ltr'><strong>tit</strong></span> <span class='ocrx_word' id='word_1_163' title='bbox 175 2890 297 2967; x_wconf 76' lang='grc' dir='ltr'>μοναχά,</span> <span class='ocrx_word' id='word_1_164' title='bbox 313 2890 339 2947; x_wconf 83' lang='grc' dir='ltr'><strong>τί</strong></span> <span class='ocrx_word' id='word_1_165' title='bbox 351 2891 466 2961; x_wconf 87' lang='grc' dir='ltr'>τοσοίδε;</span> <span class='ocrx_word' id='word_1_166' title='bbox 483 2891 582 2949; x_wconf 91' lang='grc' dir='ltr'>τοσοίδε</span> <span class='ocrx_word' id='word_1_167' title='bbox 595 2890 636 2963; x_wconf 75' lang='grc' dir='ltr'><strong>δὲ,</strong></span> <span class='ocrx_word' id='word_1_168' title='bbox 649 2895 705 2958; x_wconf 82' lang='grc' dir='ltr'>πῶς</span> <span class='ocrx_word' id='word_1_169' title='bbox 719 2892 785 2950; x_wconf 82' lang='grc' dir='ltr'>πάλι</span> <span class='ocrx_word' id='word_1_170' title='bbox 800 2895 906 2968; x_wconf 50' lang='lat' dir='ltr'><strong>peiren</strong></span> 
     </span>
     <span class='ocr_line' id='line_1_28' title="bbox 164 2967 755 3059; baseline 0.005 -24"><span class='ocrx_word' id='word_1_171' title='bbox 164 2967 201 3035; x_wconf 77' lang='grc' dir='ltr'>Ὦ</span> <span class='ocrx_word' id='word_1_172' title='bbox 217 2976 316 3048; x_wconf 81' lang='grc' dir='ltr'>πληθθς</span> <span class='ocrx_word' id='word_1_173' title='bbox 330 2982 454 3058; x_wconf 76' lang='grc' dir='ltr'>μοναχιῗιν</span> <span class='ocrx_word' id='word_1_174' title='bbox 465 2981 619 3059; x_wconf 74' lang='grc' dir='ltr'>ψευσαμένη</span> <span class='ocrx_word' id='word_1_175' title='bbox 637 2981 755 3055; x_wconf 83' lang='grc' dir='ltr'>μονάδαί</span> 
     </span>
    </p>
   </div>
   <div class='ocr_carea' id='block_1_7' title="bbox 383 3126 648 3189">
    <p class='ocr_par' dir='ltr' id='par_1_7' title="bbox 383 3126 648 3189">
     <span class='ocr_line' id='line_1_29' title="bbox 383 3126 648 3189; baseline -0.008 -13"><span class='ocrx_word' id='word_1_176' title='bbox 383 3126 445 3176; x_wconf 76' lang='grc' dir='ltr'>σεε.</span> <span class='ocrx_word' id='word_1_177' title='bbox 465 3129 524 3189; x_wconf 81' lang='lat' dir='ltr'><strong>ror</strong></span> <span class='ocrx_word' id='word_1_178' title='bbox 542 3130 648 3175; x_wconf 79' lang='lat' dir='ltr'><strong>arror.</strong></span> 
     </span>
    </p>
   </div>
   <div class='ocr_carea' id='block_1_8' title="bbox 127 3244 906 3414">
    <p class='ocr_par' dir='ltr' id='par_1_8' title="bbox 127 3244 906 3414">
     <span class='ocr_line' id='line_1_30' title="bbox 127 3244 906 3326; baseline 0.003 -24"><span class='ocrx_word' id='word_1_179' title='bbox 127 3244 247 3303; x_wconf 83' lang='grc' dir='ltr'>Πλοστὸν</span> <span class='ocrx_word' id='word_1_180' title='bbox 261 3244 331 3322; x_wconf 73' lang='grc' dir='ltr'>ἔχεις</span> <span class='ocrx_word' id='word_1_181' title='bbox 342 3244 387 3304; x_wconf 76' lang='grc' dir='ltr'>τόν</span> <span class='ocrx_word' id='word_1_182' title='bbox 401 3245 501 3324; x_wconf 81' lang='grc' dir='ltr'>ἔρωτα,</span> <span class='ocrx_word' id='word_1_183' title='bbox 518 3245 591 3325; x_wconf 76' lang='grc' dir='ltr'>φόθιρ</span> <span class='ocrx_word' id='word_1_184' title='bbox 602 3246 629 3304; x_wconf 78' lang='grc' dir='ltr'><strong>δὲ</strong></span> <span class='ocrx_word' id='word_1_185' title='bbox 644 3248 725 3325; x_wconf 79' lang='grc' dir='ltr'>φιλεῖς</span> <span class='ocrx_word' id='word_1_186' title='bbox 735 3246 780 3305; x_wconf 83' lang='grc' dir='ltr'><strong>καὶ</strong></span> <span class='ocrx_word' id='word_1_187' title='bbox 793 3245 906 3326; x_wconf 77' lang='grc' dir='ltr'>ἀνάγκη·</span> 
     </span>
     <span class='ocr_line' id='line_1_31' title="bbox 164 3334 726 3414; baseline 0.004 -22"><span class='ocrx_word' id='word_1_188' title='bbox 164 3340 207 3393; x_wconf 79' lang='grc' dir='ltr'>τοῦ</span> <span class='ocrx_word' id='word_1_189' title='bbox 226 3335 252 3391; x_wconf 76' lang='grc' dir='ltr'><strong>δὲ</strong></span> <span class='ocrx_word' id='word_1_190' title='bbox 270 3337 352 3414; x_wconf 83' lang='grc' dir='ltr'>φιλεῖν</span> <span class='ocrx_word' id='word_1_191' title='bbox 364 3334 446 3402; x_wconf 73' lang='grc' dir='ltr'>οὕτως</span> <span class='ocrx_word' id='word_1_192' title='bbox 457 3334 529 3394; x_wconf 79' lang='grc' dir='ltr'>οὐδὲν</span> <span class='ocrx_word' id='word_1_193' title='bbox 543 3335 726 3410; x_wconf 76' lang='grc' dir='ltr'>ἀπιστότερον.</span> 
     </span>
    </p>
   </div>
   <div class='ocr_carea' id='block_1_9' title="bbox 383 3481 646 3530">
    <p class='ocr_par' dir='ltr' id='par_1_9' title="bbox 383 3481 646 3530">
     <span class='ocr_line' id='line_1_32' title="bbox 383 3481 646 3530; baseline -0.004 0"><span class='ocrx_word' id='word_1_194' title='bbox 383 3481 445 3530; x_wconf 84' lang='grc'><strong>386.</strong></span> <span class='ocrx_word' id='word_1_195' title='bbox 464 3485 523 3528; x_wconf 87' lang='grc' dir='ltr'><strong>ΤΟΥ</strong></span> <span class='ocrx_word' id='word_1_196' title='bbox 541 3483 646 3529; x_wconf 76' lang='grc' dir='ltr'><strong>ΑΥΤΟΥ.</strong></span> 
     </span>
    </p>
   </div>
   <div class='ocr_carea' id='block_1_10' title="bbox 126 3586 850 3776">
    <p class='ocr_par' dir='ltr' id='par_1_10' title="bbox 126 3586 850 3776">
     <span class='ocr_line' id='line_1_33' title="bbox 126 3586 850 3688; baseline 0 -21"><span class='ocrx_word' id='word_1_197' title='bbox 126 3607 244 3683; x_wconf 75' lang='grc' dir='ltr'>Στυγνὴν</span> <span class='ocrx_word' id='word_1_198' title='bbox 255 3608 302 3678; x_wconf 76' lang='grc' dir='ltr'><strong>τὴν</strong></span> <span class='ocrx_word' id='word_1_199' title='bbox 318 3607 401 3679; x_wconf 82' lang='grc' dir='ltr'>Νίκην</span> <span class='ocrx_word' id='word_1_200' title='bbox 417 3586 530 3673; x_wconf 65' lang='lat' dir='ltr'><strong>rutubi</strong></span> <span class='ocrx_word' id='word_1_201' title='bbox 541 3608 609 3666; x_wconf 72' lang='grc' dir='ltr'>κατὰ</span> <span class='ocrx_word' id='word_1_202' title='bbox 622 3607 670 3678; x_wconf 70' lang='grc' dir='ltr'><strong>τὴν</strong></span> <span class='ocrx_word' id='word_1_203' title='bbox 687 3608 763 3666; x_wconf 83' lang='grc' dir='ltr'>πόλιν</span> <span class='ocrx_word' id='word_1_204' title='bbox 778 3607 850 3688; x_wconf 72' lang='grc' dir='ltr'>ἐχθὲς</span> 
     </span>
     <span class='ocr_line' id='line_1_34' title="bbox 164 3688 784 3776; baseline -0.003 -22"><span class='ocrx_word' id='word_1_205' title='bbox 164 3688 228 3755; x_wconf 73' lang='grc' dir='ltr'>εἷπε·</span> <span class='ocrx_word' id='word_1_206' title='bbox 248 3725 259 3748; x_wconf 91' lang='grc' dir='ltr'><strong>ι</strong></span> <span class='ocrx_word' id='word_1_207' title='bbox 277 3696 334 3757; x_wconf 65' lang='grc' dir='ltr'>(δεδι</span> <span class='ocrx_word' id='word_1_208' title='bbox 351 3698 436 3770; x_wconf 86' lang='grc' dir='ltr'>Νίκη,</span> <span class='ocrx_word' id='word_1_209' title='bbox 455 3700 530 3755; x_wconf 85' lang='grc' dir='ltr'>τίπτε</span> <span class='ocrx_word' id='word_1_210' title='bbox 545 3697 675 3763; x_wconf 74' lang='grc' dir='ltr'>πέπονθας</span> <span class='ocrx_word' id='word_1_211' title='bbox 691 3699 759 3776; x_wconf 82' lang='lat' dir='ltr'><strong>dpu3</strong></span> <span class='ocrx_word' id='word_1_212' title='bbox 771 3721 784 3748; x_wconf 86' lang='grc' dir='ltr'><strong>ιν</strong></span> 
     </span>
    </p>
   </div>
   <div class='ocr_carea' id='block_1_11' title="bbox 122 3866 804 5269">
    <p class='ocr_par' dir='ltr' id='par_1_11' title="bbox 157 3866 660 3928">
     <span class='ocr_line' id='line_1_35' title="bbox 157 3866 660 3928; baseline 0 -13"><span class='ocrx_word' id='word_1_213' title='bbox 157 3871 185 3915; x_wconf 85' lang='lat' dir='ltr'><strong>Et</strong></span> <span class='ocrx_word' id='word_1_214' title='bbox 199 3867 237 3915; x_wconf 89' lang='lat' dir='ltr'><strong>cui</strong></span> <span class='ocrx_word' id='word_1_215' title='bbox 253 3867 349 3914; x_wconf 75' lang='lat' dir='ltr'><strong>turrniae</strong></span> <span class='ocrx_word' id='word_1_216' title='bbox 370 3866 486 3914; x_wconf 78' lang='lat' dir='ltr'><strong>iunximus</strong></span> <span class='ocrx_word' id='word_1_217' title='bbox 499 3867 556 3914; x_wconf 78' lang='lat' dir='ltr'><strong>artis</strong></span> <span class='ocrx_word' id='word_1_218' title='bbox 567 3866 660 3928; x_wconf 79' lang='lat' dir='ltr'><strong>irorror3</strong></span> 
     </span>
    </p>

    <p class='ocr_par' dir='ltr' id='par_1_12' title="bbox 124 3947 764 4095">
     <span class='ocr_line' id='line_1_36' title="bbox 124 3947 764 4009; baseline 0.003 -15"><span class='ocrx_word' id='word_1_219' title='bbox 124 3950 210 3997; x_wconf 80' lang='lat' dir='ltr'><strong>timnia</strong></span> <span class='ocrx_word' id='word_1_220' title='bbox 222 3948 361 3996; x_wconf 81' lang='lat' dir='ltr'>morborum</span> <span class='ocrx_word' id='word_1_221' title='bbox 378 3948 415 3996; x_wconf 86' lang='lat' dir='ltr'><strong>rui</strong></span> <span class='ocrx_word' id='word_1_222' title='bbox 435 3964 501 3996; x_wconf 79' lang='lat' dir='ltr'><strong>muns</strong></span> <span class='ocrx_word' id='word_1_223' title='bbox 514 3957 561 3996; x_wconf 90' lang='lat' dir='ltr'><strong>taur</strong></span> <span class='ocrx_word' id='word_1_224' title='bbox 574 3958 639 3997; x_wconf 81' lang='lat' dir='ltr'><strong>certe</strong></span> <span class='ocrx_word' id='word_1_225' title='bbox 652 3947 764 4009; x_wconf 87' lang='lat' dir='ltr'><strong>ridebat,</strong></span> 
     </span>
     <span class='ocr_line' id='line_1_37' title="bbox 157 4029 625 4095; baseline 0.002 -17"><span class='ocrx_word' id='word_1_226' title='bbox 157 4032 252 4079; x_wconf 75' lang='lat' dir='ltr'>Diceret</span> <span class='ocrx_word' id='word_1_227' title='bbox 264 4040 290 4079; x_wconf 89' lang='grc' dir='ltr'><strong>ιιι</strong></span> <span class='ocrx_word' id='word_1_228' title='bbox 303 4041 389 4095; x_wconf 75' lang='lat' dir='ltr'><strong>proter</strong></span> <span class='ocrx_word' id='word_1_229' title='bbox 402 4029 449 4078; x_wconf 83' lang='lat' dir='ltr'><strong>tuta</strong></span> <span class='ocrx_word' id='word_1_230' title='bbox 463 4029 542 4078; x_wconf 75' lang='lat' dir='ltr'><strong>futura</strong></span> <span class='ocrx_word' id='word_1_231' title='bbox 555 4029 625 4079; x_wconf 88' lang='lat' dir='ltr'><strong>nihii.</strong></span> 
     </span>
    </p>

    <p class='ocr_par' dir='ltr' id='par_1_13' title="bbox 124 4111 804 4263">
     <span class='ocr_line' id='line_1_38' title="bbox 124 4111 804 4179; baseline -0.003 -17"><span class='ocrx_word' id='word_1_232' title='bbox 124 4115 253 4162; x_wconf 70' lang='lat' dir='ltr'><strong>Atcirnenis</strong></span> <span class='ocrx_word' id='word_1_233' title='bbox 267 4114 359 4162; x_wconf 86' lang='lat' dir='ltr'><strong>ruitum</strong></span> <span class='ocrx_word' id='word_1_234' title='bbox 375 4112 439 4160; x_wconf 88' lang='lat' dir='ltr'><strong>ridet</strong></span> <span class='ocrx_word' id='word_1_235' title='bbox 452 4111 507 4173; x_wconf 87' lang='lat' dir='ltr'><strong>hic,</strong></span> <span class='ocrx_word' id='word_1_236' title='bbox 521 4111 680 4178; x_wconf 85' lang='lat' dir='ltr'><strong>habitumque</strong></span> <span class='ocrx_word' id='word_1_237' title='bbox 689 4112 804 4179; x_wconf 79' lang='lat' dir='ltr'><strong>jacentia,</strong></span> 
     </span>
     <span class='ocr_line' id='line_1_39' title="bbox 158 4197 626 4263; baseline 0.002 -17"><span class='ocrx_word' id='word_1_238' title='bbox 158 4199 239 4246; x_wconf 71' lang='lat' dir='ltr'><strong>uritur·</strong></span> <span class='ocrx_word' id='word_1_239' title='bbox 258 4207 282 4247; x_wconf 90' lang='lat' dir='ltr'><strong>et</strong></span> <span class='ocrx_word' id='word_1_240' title='bbox 296 4213 367 4246; x_wconf 83' lang='lat' dir='ltr'><strong>renus</strong></span> <span class='ocrx_word' id='word_1_241' title='bbox 387 4197 525 4263; x_wconf 75' lang='lat' dir='ltr'><strong>experiente</strong></span> <span class='ocrx_word' id='word_1_242' title='bbox 542 4213 626 4254; x_wconf 85' lang='lat' dir='ltr'><strong>manu,</strong></span> 
     </span>
    </p>

    <p class='ocr_par' dir='ltr' id='par_1_14' title="bbox 123 4282 795 4433">
     <span class='ocr_line' id='line_1_40' title="bbox 123 4282 795 4347; baseline 0.003 -18"><span class='ocrx_word' id='word_1_243' title='bbox 123 4282 258 4347; x_wconf 81' lang='lat' dir='ltr'><strong>Jrrdiciique</strong></span> <span class='ocrx_word' id='word_1_244' title='bbox 270 4282 336 4342; x_wconf 81' lang='lat' dir='ltr'><strong>dies,</strong></span> <span class='ocrx_word' id='word_1_245' title='bbox 353 4292 460 4330; x_wconf 73' lang='lat' dir='ltr'><strong>aeterum</strong></span> <span class='ocrx_word' id='word_1_246' title='bbox 475 4299 536 4347; x_wconf 82' lang='lat' dir='ltr'><strong>quoe</strong></span> <span class='ocrx_word' id='word_1_247' title='bbox 547 4283 635 4346; x_wconf 76' lang='lat' dir='ltr'><strong>scriptu</strong></span> <span class='ocrx_word' id='word_1_248' title='bbox 654 4282 776 4331; x_wconf 82' lang='lat' dir='ltr'><strong>celebrant</strong></span> <span class='ocrx_word' id='word_1_249' title='bbox 783 4304 795 4342; x_wconf 83' lang='grc' dir='ltr'><strong>,ι</strong></span> 
     </span>
     <span class='ocr_line' id='line_1_41' title="bbox 156 4366 739 4433; baseline 0.003 -19"><span class='ocrx_word' id='word_1_250' title='bbox 156 4371 299 4433; x_wconf 69' lang='lat' dir='ltr'><strong>Computa,</strong></span> <span class='ocrx_word' id='word_1_251' title='bbox 310 4378 334 4415; x_wconf 88' lang='lat' dir='ltr'><strong>ct</strong></span> <span class='ocrx_word' id='word_1_252' title='bbox 345 4383 441 4415; x_wconf 80' lang='lat' dir='ltr'><strong>normas</strong></span> <span class='ocrx_word' id='word_1_253' title='bbox 456 4366 568 4432; x_wconf 75' lang='lat' dir='ltr'><strong>predicat</strong></span> <span class='ocrx_word' id='word_1_254' title='bbox 579 4368 739 4432; x_wconf 75' lang='lat' dir='ltr'><strong>Hippocratis.</strong></span> 
     </span>
    </p>

    <p class='ocr_par' dir='ltr' id='par_1_15' title="bbox 123 4448 708 4598">
     <span class='ocr_line' id='line_1_42' title="bbox 123 4448 708 4516; baseline 0.002 -19"><span class='ocrx_word' id='word_1_255' title='bbox 123 4448 240 4499; x_wconf 83' lang='lat' dir='ltr'><strong>(turpibus</strong></span> <span class='ocrx_word' id='word_1_256' title='bbox 256 4451 364 4516; x_wconf 77' lang='lat' dir='ltr'><strong>expensis</strong></span> <span class='ocrx_word' id='word_1_257' title='bbox 383 4448 478 4498; x_wconf 83' lang='lat' dir='ltr'><strong>tandem</strong></span> <span class='ocrx_word' id='word_1_258' title='bbox 495 4467 605 4515; x_wconf 82' lang='lat' dir='ltr'><strong>responsa</strong></span> <span class='ocrx_word' id='word_1_259' title='bbox 620 4448 708 4515; x_wconf 79' lang='lat' dir='ltr'><strong>profari</strong></span> 
     </span>
     <span class='ocr_line' id='line_1_43' title="bbox 157 4531 672 4598; baseline -0.002 -17"><span class='ocrx_word' id='word_1_260' title='bbox 157 4533 242 4598; x_wconf 76' lang='lat' dir='ltr'><strong>Incipit</strong></span> <span class='ocrx_word' id='word_1_261' title='bbox 250 4571 258 4595; x_wconf 92' lang='lat'><em>,</em></span> <span class='ocrx_word' id='word_1_262' title='bbox 272 4533 383 4582; x_wconf 82' lang='lat' dir='ltr'><strong>attollens</strong></span> <span class='ocrx_word' id='word_1_263' title='bbox 396 4531 484 4593; x_wconf 73' lang='lat' dir='ltr'><strong>grande</strong></span> <span class='ocrx_word' id='word_1_264' title='bbox 499 4532 652 4596; x_wconf 75' lang='lat' dir='ltr'><strong>supercilium</strong></span> <span class='ocrx_word' id='word_1_265' title='bbox 666 4548 672 4580; x_wconf 91' lang='lat'>:</span> 
     </span>
    </p>

    <p class='ocr_par' dir='ltr' id='par_1_16' title="bbox 122 4617 725 4765">
     <span class='ocr_line' id='line_1_44' title="bbox 122 4617 725 4684; baseline 0.007 -19"><span class='ocrx_word' id='word_1_266' title='bbox 122 4618 145 4665; x_wconf 90' lang='lat' dir='ltr'><strong>Si</strong></span> <span class='ocrx_word' id='word_1_267' title='bbox 164 4617 244 4666; x_wconf 85' lang='lat' dir='ltr'><strong>interis</strong></span> <span class='ocrx_word' id='word_1_268' title='bbox 259 4627 332 4666; x_wconf 63' lang='lat' dir='ltr'><strong>cesset</strong></span> <span class='ocrx_word' id='word_1_269' title='bbox 350 4617 429 4678; x_wconf 78' lang='lat' dir='ltr'><strong>dolor,</strong></span> <span class='ocrx_word' id='word_1_270' title='bbox 444 4628 469 4667; x_wconf 86' lang='lat' dir='ltr'><strong>ot</strong></span> <span class='ocrx_word' id='word_1_271' title='bbox 481 4619 540 4667; x_wconf 83' lang='lat' dir='ltr'><strong>raris</strong></span> <span class='ocrx_word' id='word_1_272' title='bbox 553 4635 635 4684; x_wconf 81' lang='lat' dir='ltr'><strong>aspera</strong></span> <span class='ocrx_word' id='word_1_273' title='bbox 648 4619 725 4670; x_wconf 77' lang='lat' dir='ltr'><strong>fauces</strong></span> 
     </span>
     <span class='ocr_line' id='line_1_45' title="bbox 156 4701 704 4765; baseline 0.007 -17"><span class='ocrx_word' id='word_1_274' title='bbox 156 4705 270 4760; x_wconf 77' lang='lat' dir='ltr'><strong>Deserat,</strong></span> <span class='ocrx_word' id='word_1_275' title='bbox 284 4712 356 4765; x_wconf 81' lang='lat' dir='ltr'><strong>utque</strong></span> <span class='ocrx_word' id='word_1_276' title='bbox 374 4702 444 4750; x_wconf 85' lang='lat' dir='ltr'><strong>abeat</strong></span> <span class='ocrx_word' id='word_1_277' title='bbox 462 4701 534 4750; x_wconf 76' lang='lat' dir='ltr'><strong>febris</strong></span> <span class='ocrx_word' id='word_1_278' title='bbox 548 4702 633 4751; x_wconf 82' lang='lat' dir='ltr'><strong>arrhein</strong></span> <span class='ocrx_word' id='word_1_279' title='bbox 648 4703 704 4759; x_wconf 83' lang='lat' dir='ltr'><strong>tibi,</strong></span> 
     </span>
    </p>

    <p class='ocr_par' dir='ltr' id='par_1_17' title="bbox 126 4785 732 4934">
     <span class='ocr_line' id='line_1_46' title="bbox 126 4785 732 4850; baseline 0.007 -19"><span class='ocrx_word' id='word_1_280' title='bbox 126 4787 178 4832; x_wconf 72' lang='lat' dir='ltr'><strong>Non</strong></span> <span class='ocrx_word' id='word_1_281' title='bbox 192 4785 235 4831; x_wconf 90' lang='lat' dir='ltr'><strong>tibi</strong></span> <span class='ocrx_word' id='word_1_282' title='bbox 249 4801 312 4832; x_wconf 88' lang='lat' dir='ltr'><strong>mors</strong></span> <span class='ocrx_word' id='word_1_283' title='bbox 329 4785 407 4833; x_wconf 82' lang='lat' dir='ltr'><strong>reniet</strong></span> <span class='ocrx_word' id='word_1_284' title='bbox 419 4786 504 4834; x_wconf 87' lang='lat' dir='ltr'><strong>morbo</strong></span> <span class='ocrx_word' id='word_1_285' title='bbox 522 4786 656 4850; x_wconf 79' lang='lat' dir='ltr'><strong>pleuritidis</strong></span> <span class='ocrx_word' id='word_1_286' title='bbox 669 4801 675 4834; x_wconf 91' lang='lat'>:</span> <span class='ocrx_word' id='word_1_287' title='bbox 688 4786 732 4836; x_wconf 78' lang='lat' dir='ltr'><strong>istu</strong></span> 
     </span>
     <span class='ocr_line' id='line_1_47' title="bbox 156 4868 656 4934; baseline 0.01 -19"><span class='ocrx_word' id='word_1_288' title='bbox 156 4868 252 4934; x_wconf 84' lang='lat' dir='ltr'><strong>Quippe</strong></span> <span class='ocrx_word' id='word_1_289' title='bbox 262 4885 391 4918; x_wconf 71' lang='lat' dir='ltr'><strong>reremurae</strong></span> <span class='ocrx_word' id='word_1_290' title='bbox 405 4872 470 4934; x_wconf 80' lang='lat' dir='ltr'><strong>sigua</strong></span> <span class='ocrx_word' id='word_1_291' title='bbox 483 4870 563 4918; x_wconf 81' lang='lat' dir='ltr'><strong>salutis</strong></span> <span class='ocrx_word' id='word_1_292' title='bbox 577 4880 656 4920; x_wconf 90' lang='lat' dir='ltr'><strong>erunt.</strong></span> 
     </span>
    </p>

    <p class='ocr_par' dir='ltr' id='par_1_18' title="bbox 125 4953 731 5100">
     <span class='ocr_line' id='line_1_48' title="bbox 125 4953 731 5020; baseline 0.005 -20"><span class='ocrx_word' id='word_1_293' title='bbox 125 4956 188 5000; x_wconf 86' lang='lat' dir='ltr'><strong>Pone</strong></span> <span class='ocrx_word' id='word_1_294' title='bbox 207 4963 296 5000; x_wconf 83' lang='lat' dir='ltr'><strong>ructum</strong></span> <span class='ocrx_word' id='word_1_295' title='bbox 313 4970 318 5000; x_wconf 78' lang='lat' dir='ltr'><em>z</em></span> <span class='ocrx_word' id='word_1_296' title='bbox 335 4953 426 5001; x_wconf 84' lang='lat' dir='ltr'><strong>tubulus</strong></span> <span class='ocrx_word' id='word_1_297' title='bbox 442 4953 518 5017; x_wconf 76' lang='lat' dir='ltr'><strong>legum</strong></span> <span class='ocrx_word' id='word_1_298' title='bbox 532 4953 637 5003; x_wconf 81' lang='lat' dir='ltr'><strong>dictante</strong></span> <span class='ocrx_word' id='word_1_299' title='bbox 654 4955 731 5020; x_wconf 91' lang='lat' dir='ltr'><strong>perito</strong></span> 
     </span>
     <span class='ocr_line' id='line_1_49' title="bbox 157 5035 671 5100; baseline 0.002 -17"><span class='ocrx_word' id='word_1_300' title='bbox 157 5036 268 5093; x_wconf 87' lang='lat' dir='ltr'><strong>Contice;</strong></span> <span class='ocrx_word' id='word_1_301' title='bbox 281 5051 325 5083; x_wconf 85' lang='lat' dir='ltr'><strong>nae</strong></span> <span class='ocrx_word' id='word_1_302' title='bbox 344 5035 398 5084; x_wconf 82' lang='lat' dir='ltr'><strong>ritae</strong></span> <span class='ocrx_word' id='word_1_303' title='bbox 416 5037 446 5084; x_wconf 85' lang='lat' dir='ltr'><strong>sit</strong></span> <span class='ocrx_word' id='word_1_304' title='bbox 459 5036 502 5084; x_wconf 90' lang='lat' dir='ltr'><strong>tibi</strong></span> <span class='ocrx_word' id='word_1_305' title='bbox 520 5050 578 5083; x_wconf 90' lang='lat' dir='ltr'><strong>cura</strong></span> <span class='ocrx_word' id='word_1_306' title='bbox 590 5048 671 5100; x_wconf 78' lang='lat' dir='ltr'><strong>super,</strong></span> 
     </span>
    </p>

    <p class='ocr_par' dir='ltr' id='par_1_19' title="bbox 125 5117 782 5269">
     <span class='ocr_line' id='line_1_50' title="bbox 125 5117 782 5182; baseline 0.003 -17"><span class='ocrx_word' id='word_1_307' title='bbox 125 5120 153 5165; x_wconf 82' lang='lat' dir='ltr'><strong>Et</strong></span> <span class='ocrx_word' id='word_1_308' title='bbox 168 5117 285 5165; x_wconf 86' lang='lat' dir='ltr'><strong>medicum</strong></span> <span class='ocrx_word' id='word_1_309' title='bbox 302 5125 400 5182; x_wconf 86' lang='lat' dir='ltr'><strong>propter</strong></span> <span class='ocrx_word' id='word_1_310' title='bbox 414 5118 475 5167; x_wconf 82' lang='lat' dir='ltr'><strong>bona</strong></span> <span class='ocrx_word' id='word_1_311' title='bbox 488 5134 525 5166; x_wconf 88' lang='lat' dir='ltr'><strong>me</strong></span> <span class='ocrx_word' id='word_1_312' title='bbox 535 5131 646 5182; x_wconf 72' lang='lat' dir='ltr'><strong>reapoara</strong></span> <span class='ocrx_word' id='word_1_313' title='bbox 662 5126 782 5168; x_wconf 85' lang='lat' dir='ltr'><strong>memento</strong></span> 
     </span>
     <span class='ocr_line' id='line_1_51' title="bbox 159 5204 666 5269; baseline 0 -15"><span class='ocrx_word' id='word_1_314' title='bbox 159 5204 282 5254; x_wconf 63' lang='lat' dir='ltr'><strong>Heredem</strong></span> <span class='ocrx_word' id='word_1_315' title='bbox 299 5215 382 5267; x_wconf 74' lang='lat' dir='ltr'><strong>quarta</strong></span> <span class='ocrx_word' id='word_1_316' title='bbox 392 5205 496 5252; x_wconf 82' lang='lat' dir='ltr'><strong>scribere</strong></span> <span class='ocrx_word' id='word_1_317' title='bbox 509 5208 577 5269; x_wconf 85' lang='lat' dir='ltr'><strong>parte</strong></span> <span class='ocrx_word' id='word_1_318' title='bbox 590 5213 666 5256; x_wconf 85' lang='lat' dir='ltr'><strong>tuum.</strong></span> 
     </span>
    </p>
   </div>
   <div class='ocr_carea' id='block_1_12' title="bbox 1666 318 1839 443">
    <p class='ocr_par' dir='ltr' id='par_1_20' title="bbox 1666 318 1839 443">
     <span class='ocr_line' id='line_1_52' title="bbox 1666 318 1839 443; baseline -0.006 -24"><span class='ocrx_word' id='word_1_319' title='bbox 1666 318 1723 419; x_wconf 79' lang='lat' dir='ltr'><strong>¹aui</strong></span> <span class='ocrx_word' id='word_1_320' title='bbox 1822 416 1839 443; x_wconf 28' lang='grc' dir='ltr'><strong>,Ι</strong></span> 
     </span>
    </p>
   </div>
   <div class='ocr_carea' id='block_1_13' title="bbox 952 477 1741 1087">
    <p class='ocr_par' dir='ltr' id='par_1_21' title="bbox 952 477 1741 1087">
     <span class='ocr_line' id='line_1_53' title="bbox 985 477 1337 553; baseline 0.014 -15"><span class='ocrx_word' id='word_1_321' title='bbox 985 477 1079 552; x_wconf 70' lang='lat' dir='ltr'><strong>paeonia</strong></span> <span class='ocrx_word' id='word_1_322' title='bbox 1094 492 1202 541; x_wconf 83' lang='lat' dir='ltr'><strong>retertur</strong></span> <span class='ocrx_word' id='word_1_323' title='bbox 1213 492 1337 553; x_wconf 80' lang='lat' dir='ltr'><strong>doctriua,</strong></span> 
     </span>
     <span class='ocr_line' id='line_1_54' title="bbox 952 578 1741 655; baseline 0.011 -30"><span class='ocrx_word' id='word_1_324' title='bbox 952 591 1050 627; x_wconf 88' lang='lat' dir='ltr'><strong>ornnem</strong></span> <span class='ocrx_word' id='word_1_325' title='bbox 1063 578 1157 628; x_wconf 81' lang='lat' dir='ltr'><strong>habens</strong></span> <span class='ocrx_word' id='word_1_326' title='bbox 1178 581 1353 644; x_wconf 78' lang='lat' dir='ltr'><strong>predationem</strong></span> <span class='ocrx_word' id='word_1_327' title='bbox 1371 581 1396 631; x_wconf 90' lang='lat' dir='ltr'><strong>iu</strong></span> <span class='ocrx_word' id='word_1_328' title='bbox 1419 582 1560 644; x_wconf 77' lang='lat' dir='ltr'><strong>doloribus,</strong></span> <span class='ocrx_word' id='word_1_329' title='bbox 1589 598 1636 633; x_wconf 89' lang='lat' dir='ltr'><strong>nun</strong></span> <span class='ocrx_word' id='word_1_330' title='bbox 1661 584 1741 655; x_wconf 72' lang='lat' dir='ltr'><strong>quid-¹</strong></span> 
     </span>
     <span class='ocr_line' id='line_1_55' title="bbox 983 665 1734 737; baseline 0.011 -22"><span class='ocrx_word' id='word_1_331' title='bbox 983 665 1049 715; x_wconf 84' lang='lat' dir='ltr'><strong>atiud</strong></span> <span class='ocrx_word' id='word_1_332' title='bbox 1060 669 1228 729; x_wconf 72' lang='lat' dir='ltr'><strong>prenuntiatus</strong></span> <span class='ocrx_word' id='word_1_333' title='bbox 1239 682 1313 732; x_wconf 89' lang='lat' dir='ltr'><strong>quam</strong></span> <span class='ocrx_word' id='word_1_334' title='bbox 1324 670 1443 720; x_wconf 85' lang='lat' dir='ltr'><strong>iuttrrtttn.</strong></span> <span class='ocrx_word' id='word_1_335' title='bbox 1524 669 1614 735; x_wconf 89' lang='lat' dir='ltr'><strong>[quarn</strong></span> <span class='ocrx_word' id='word_1_336' title='bbox 1629 674 1734 737; x_wconf 84' lang='lat' dir='ltr'><strong>amptius</strong></span> 
     </span>
     <span class='ocr_line' id='line_1_56' title="bbox 953 753 1648 820; baseline 0.014 -19"><span class='ocrx_word' id='word_1_337' title='bbox 953 753 1083 804; x_wconf 75' lang='lat' dir='ltr'><strong>Alcimedis</strong></span> <span class='ocrx_word' id='word_1_338' title='bbox 1094 760 1176 806; x_wconf 84' lang='lat' dir='ltr'><strong>autern</strong></span> <span class='ocrx_word' id='word_1_339' title='bbox 1190 757 1333 820; x_wconf 76' lang='lat' dir='ltr'><strong>inspiciebat</strong></span> <span class='ocrx_word' id='word_1_340' title='bbox 1344 757 1497 820; x_wconf 82' lang='lat' dir='ltr'><strong>decubitum,</strong></span> <span class='ocrx_word' id='word_1_341' title='bbox 1511 763 1537 809; x_wconf 84' lang='lat' dir='ltr'><strong>et</strong></span> <span class='ocrx_word' id='word_1_342' title='bbox 1548 772 1576 810; x_wconf 82' lang='lat' dir='ltr'><strong>ex</strong></span> <span class='ocrx_word' id='word_1_343' title='bbox 1587 759 1648 811; x_wconf 84' lang='lat' dir='ltr'><strong>taric</strong></span> 
     </span>
     <span class='ocr_line' id='line_1_57' title="bbox 983 842 1534 911; baseline 0.013 -21"><span class='ocrx_word' id='word_1_344' title='bbox 983 842 1179 905; x_wconf 83' lang='lat' dir='ltr'><strong>ratiocinabatur,</strong></span> <span class='ocrx_word' id='word_1_345' title='bbox 1191 848 1217 895; x_wconf 83' lang='lat' dir='ltr'><strong>et</strong></span> <span class='ocrx_word' id='word_1_346' title='bbox 1227 859 1325 896; x_wconf 84' lang='lat' dir='ltr'><strong>manum</strong></span> <span class='ocrx_word' id='word_1_347' title='bbox 1336 846 1451 911; x_wconf 76' lang='lat' dir='ltr'><strong>tangebat</strong></span> <span class='ocrx_word' id='word_1_348' title='bbox 1464 848 1534 907; x_wconf 85' lang='lat' dir='ltr'><strong>acite,</strong></span> 
     </span>
     <span class='ocr_line' id='line_1_58' title="bbox 953 930 1625 998; baseline 0.009 -20"><span class='ocrx_word' id='word_1_349' title='bbox 953 931 978 978; x_wconf 88' lang='lat' dir='ltr'><strong>et</strong></span> <span class='ocrx_word' id='word_1_350' title='bbox 987 930 1017 979; x_wconf 92' lang='lat' dir='ltr'><strong>de</strong></span> <span class='ocrx_word' id='word_1_351' title='bbox 1029 930 1120 981; x_wconf 88' lang='lat' dir='ltr'><strong>criticis</strong></span> <span class='ocrx_word' id='word_1_352' title='bbox 1129 931 1216 981; x_wconf 82' lang='lat' dir='ltr'><strong>diebus</strong></span> <span class='ocrx_word' id='word_1_353' title='bbox 1229 933 1485 997; x_wconf 82' lang='lat' dir='ltr'><strong>mento-percensebut</strong></span> <span class='ocrx_word' id='word_1_354' title='bbox 1498 934 1625 998; x_wconf 81' lang='lat' dir='ltr'><strong>scripturn,</strong></span> 
     </span>
     <span class='ocr_line' id='line_1_59' title="bbox 983 1016 1686 1087; baseline 0.009 -21"><span class='ocrx_word' id='word_1_355' title='bbox 983 1016 1065 1069; x_wconf 87' lang='lat' dir='ltr'><strong>omniu</strong></span> <span class='ocrx_word' id='word_1_356' title='bbox 1074 1018 1297 1084; x_wconf 77' lang='lat' dir='ltr'><strong>mimo-rapotone,</strong></span> <span class='ocrx_word' id='word_1_357' title='bbox 1311 1032 1361 1071; x_wconf 89' lang='grc' dir='ltr'>οοιι</span> <span class='ocrx_word' id='word_1_358' title='bbox 1374 1021 1525 1072; x_wconf 87' lang='lat' dir='ltr'><strong>dissimiliter</strong></span> <span class='ocrx_word' id='word_1_359' title='bbox 1536 1023 1686 1087; x_wconf 82' lang='lat' dir='ltr'><strong>Hippocrati.</strong></span> 
     </span>
    </p>
   </div>
   <div class='ocr_carea' id='block_1_14' title="bbox 953 1107 1812 1170">
    <p class='ocr_par' dir='ltr' id='par_1_22' title="bbox 953 1107 1812 1170">
     <span class='ocr_line' id='line_1_60' title="bbox 953 1107 1812 1170; baseline 0.009 -17"><span class='ocrx_word' id='word_1_360' title='bbox 953 1107 984 1154; x_wconf 85' lang='lat' dir='ltr'><strong>ut</strong></span> <span class='ocrx_word' id='word_1_361' title='bbox 994 1107 1054 1157; x_wconf 90' lang='lat' dir='ltr'><strong>tuuc</strong></span> <span class='ocrx_word' id='word_1_362' title='bbox 1063 1107 1238 1170; x_wconf 64' lang='lat' dir='ltr'><strong>praenotionem</strong></span> <span class='ocrx_word' id='word_1_363' title='bbox 1247 1111 1273 1160; x_wconf 88' lang='lat' dir='ltr'><strong>tn</strong></span> <span class='ocrx_word' id='word_1_364' title='bbox 1284 1109 1432 1160; x_wconf 77' lang='lat' dir='ltr'><strong>Alcibiadem</strong></span> <span class='ocrx_word' id='word_1_365' title='bbox 1448 1110 1723 1161; x_wconf 66' lang='lat' dir='ltr'><strong>dtu-tocaenuntiabat</strong></span> <span class='ocrx_word' id='word_1_366' title='bbox 1810 1132 1812 1137; x_wconf 36' lang='lat'>⁸</span> 
     </span>
    </p>
   </div>
   <div class='ocr_carea' id='block_1_15' title="bbox 954 1193 1734 1436">
    <p class='ocr_par' dir='ltr' id='par_1_23' title="bbox 954 1193 1734 1436">
     <span class='ocr_line' id='line_1_61' title="bbox 983 1193 1531 1261; baseline 0.007 -19"><span class='ocrx_word' id='word_1_367' title='bbox 983 1193 1327 1256; x_wconf 70' lang='lat' dir='ltr'><strong>gravitatem-indueusrultu</strong></span> <span class='ocrx_word' id='word_1_368' title='bbox 1338 1199 1365 1248; x_wconf 89' lang='lat' dir='ltr'><strong>et</strong></span> <span class='ocrx_word' id='word_1_369' title='bbox 1372 1198 1512 1261; x_wconf 74' lang='lat' dir='ltr'><strong>superbiam</strong></span> <span class='ocrx_word' id='word_1_370' title='bbox 1525 1216 1531 1246; x_wconf 78' lang='grc' dir='ltr'><strong>ι</strong></span> 
     </span>
     <span class='ocr_line' id='line_1_62' title="bbox 954 1282 1734 1351; baseline 0.009 -22"><span class='ocrx_word' id='word_1_371' title='bbox 954 1301 965 1324; x_wconf 85' lang='grc' dir='ltr'><strong>ι</strong></span> <span class='ocrx_word' id='word_1_372' title='bbox 980 1282 1004 1331; x_wconf 87' lang='lat' dir='ltr'><strong>si</strong></span> <span class='ocrx_word' id='word_1_373' title='bbox 1014 1283 1100 1346; x_wconf 91' lang='lat' dir='ltr'><strong>utiquc</strong></span> <span class='ocrx_word' id='word_1_374' title='bbox 1110 1287 1196 1348; x_wconf 80' lang='lat' dir='ltr'><strong>guttur</strong></span> <span class='ocrx_word' id='word_1_375' title='bbox 1202 1297 1323 1344; x_wconf 82' lang='lat' dir='ltr'><strong>resonare,</strong></span> <span class='ocrx_word' id='word_1_376' title='bbox 1334 1286 1360 1335; x_wconf 86' lang='lat' dir='ltr'><strong>at</strong></span> <span class='ocrx_word' id='word_1_377' title='bbox 1372 1286 1433 1335; x_wconf 69' lang='lat' dir='ltr'><strong>survi</strong></span> <span class='ocrx_word' id='word_1_378' title='bbox 1442 1285 1506 1336; x_wconf 84' lang='lat' dir='ltr'><strong>ictus</strong></span> <span class='ocrx_word' id='word_1_379' title='bbox 1514 1287 1597 1336; x_wconf 80' lang='lat' dir='ltr'><strong>lateris</strong></span> <span class='ocrx_word' id='word_1_380' title='bbox 1606 1299 1734 1351; x_wconf 79' lang='lat' dir='ltr'><strong>prrnqcre.</strong></span> 
     </span>
     <span class='ocr_line' id='line_1_63' title="bbox 983 1369 1414 1436; baseline 0.009 -17"><span class='ocrx_word' id='word_1_381' title='bbox 983 1369 1414 1436; x_wconf 81' lang='lat' dir='ltr'><strong>etsebrtdarieritapirituadenaari‚</strong></span> 
     </span>
    </p>
   </div>
   <div class='ocr_carea' id='block_1_16' title="bbox 954 1458 1635 1606">
    <p class='ocr_par' dir='ltr' id='par_1_24' title="bbox 954 1458 1635 1606">
     <span class='ocr_line' id='line_1_64' title="bbox 954 1458 1635 1521; baseline 0.012 -15"><span class='ocrx_word' id='word_1_382' title='bbox 954 1472 1001 1507; x_wconf 90' lang='lat' dir='ltr'><strong>non</strong></span> <span class='ocrx_word' id='word_1_383' title='bbox 1009 1459 1059 1521; x_wconf 80' lang='lat' dir='ltr'><strong>jun</strong></span> <span class='ocrx_word' id='word_1_384' title='bbox 1073 1459 1185 1510; x_wconf 85' lang='lat' dir='ltr'><strong>morieris</strong></span> <span class='ocrx_word' id='word_1_385' title='bbox 1196 1460 1399 1511; x_wconf 78' lang='lat' dir='ltr'><strong>tatarum-morbo</strong></span> <span class='ocrx_word' id='word_1_386' title='bbox 1409 1478 1415 1510; x_wconf 90' lang='lat'>:</span> <span class='ocrx_word' id='word_1_387' title='bbox 1424 1461 1472 1512; x_wconf 88' lang='lat' dir='ltr'><strong>hoc</strong></span> <span class='ocrx_word' id='word_1_388' title='bbox 1486 1458 1551 1512; x_wconf 83' lang='lat' dir='ltr'><strong>onitu</strong></span> <span class='ocrx_word' id='word_1_389' title='bbox 1566 1463 1635 1514; x_wconf 78' lang='lat' dir='ltr'><strong>nobie</strong></span> 
     </span>
     <span class='ocr_line' id='line_1_65' title="bbox 984 1543 1406 1606; baseline 0.005 -13"><span class='ocrx_word' id='word_1_390' title='bbox 984 1543 1121 1606; x_wconf 78' lang='lat' dir='ltr'><strong>symbolum</strong></span> <span class='ocrx_word' id='word_1_391' title='bbox 1133 1544 1224 1594; x_wconf 77' lang='lat' dir='ltr'><strong>iuturae</strong></span> <span class='ocrx_word' id='word_1_392' title='bbox 1235 1548 1273 1594; x_wconf 86' lang='lat' dir='ltr'><strong>est</strong></span> <span class='ocrx_word' id='word_1_393' title='bbox 1286 1544 1406 1595; x_wconf 79' lang='lat' dir='ltr'><strong>sanitatis.</strong></span> 
     </span>
    </p>
   </div>
   <div class='ocr_carea' id='block_1_17' title="bbox 952 1631 1734 1962">
    <p class='ocr_par' dir='ltr' id='par_1_25' title="bbox 952 1631 1734 1790">
     <span class='ocr_line' id='line_1_66' title="bbox 952 1631 1734 1698; baseline 0.008 -19"><span class='ocrx_word' id='word_1_394' title='bbox 952 1631 1169 1692; x_wconf 74' lang='lat' dir='ltr'><strong>bonosio-auimo.</strong></span> <span class='ocrx_word' id='word_1_395' title='bbox 1185 1632 1230 1682; x_wconf 83' lang='lat' dir='ltr'><strong>sed</strong></span> <span class='ocrx_word' id='word_1_396' title='bbox 1240 1632 1397 1684; x_wconf 79' lang='lat' dir='ltr'><strong>tabellionem</strong></span> <span class='ocrx_word' id='word_1_397' title='bbox 1409 1646 1479 1696; x_wconf 81' lang='lat' dir='ltr'><strong>roua,</strong></span> <span class='ocrx_word' id='word_1_398' title='bbox 1489 1639 1516 1684; x_wconf 84' lang='lat' dir='ltr'><strong>et</strong></span> <span class='ocrx_word' id='word_1_399' title='bbox 1528 1632 1592 1685; x_wconf 82' lang='lat' dir='ltr'><strong>bona</strong></span> <span class='ocrx_word' id='word_1_400' title='bbox 1606 1635 1734 1698; x_wconf 78' lang='lat' dir='ltr'><strong>tui-ipsius</strong></span> 
     </span>
     <span class='ocr_line' id='line_1_67' title="bbox 983 1720 1674 1790; baseline 0.01 -20"><span class='ocrx_word' id='word_1_401' title='bbox 983 1720 1044 1772; x_wconf 87' lang='lat' dir='ltr'><strong>bene</strong></span> <span class='ocrx_word' id='word_1_402' title='bbox 1053 1721 1198 1786; x_wconf 76' lang='lat' dir='ltr'><strong>disponens,</strong></span> <span class='ocrx_word' id='word_1_403' title='bbox 1214 1724 1292 1773; x_wconf 82' lang='lat' dir='ltr'><strong>ritum</strong></span> <span class='ocrx_word' id='word_1_404' title='bbox 1301 1723 1385 1775; x_wconf 79' lang='lat' dir='ltr'><strong>dodae</strong></span> <span class='ocrx_word' id='word_1_405' title='bbox 1396 1725 1674 1790; x_wconf 72' lang='lat' dir='ltr'><strong>curarum-genitricem,</strong></span> 
     </span>
    </p>

    <p class='ocr_par' dir='ltr' id='par_1_26' title="bbox 952 1811 1474 1962">
     <span class='ocr_line' id='line_1_68' title="bbox 952 1811 1474 1875; baseline 0.008 -17"><span class='ocrx_word' id='word_1_406' title='bbox 952 1813 978 1858; x_wconf 90' lang='lat' dir='ltr'><strong>et</strong></span> <span class='ocrx_word' id='word_1_407' title='bbox 991 1824 1030 1859; x_wconf 89' lang='lat' dir='ltr'><strong>me</strong></span> <span class='ocrx_word' id='word_1_408' title='bbox 1044 1811 1176 1874; x_wconf 87' lang='lat' dir='ltr'><strong>modicum,</strong></span> <span class='ocrx_word' id='word_1_409' title='bbox 1192 1811 1300 1862; x_wconf 79' lang='lat' dir='ltr'><strong>vaticinii</strong></span> <span class='ocrx_word' id='word_1_410' title='bbox 1315 1812 1392 1875; x_wconf 83' lang='lat' dir='ltr'><strong>gratia</strong></span> <span class='ocrx_word' id='word_1_411' title='bbox 1403 1811 1474 1873; x_wconf 80' lang='lat' dir='ltr'><strong>doni,</strong></span> 
     </span>
     <span class='ocr_line' id='line_1_69' title="bbox 982 1895 1460 1962; baseline 0.004 -16"><span class='ocrx_word' id='word_1_412' title='bbox 982 1895 1008 1945; x_wconf 93' lang='lat' dir='ltr'><strong>in</strong></span> <span class='ocrx_word' id='word_1_413' title='bbox 1020 1898 1093 1947; x_wconf 83' lang='lat' dir='ltr'><strong>tertia</strong></span> <span class='ocrx_word' id='word_1_414' title='bbox 1107 1900 1176 1961; x_wconf 85' lang='lat' dir='ltr'><strong>parte</strong></span> <span class='ocrx_word' id='word_1_415' title='bbox 1190 1898 1299 1962; x_wconf 84' lang='lat' dir='ltr'><strong>retiaque</strong></span> <span class='ocrx_word' id='word_1_416' title='bbox 1309 1897 1432 1949; x_wconf 84' lang='lat' dir='ltr'><strong>heredem.</strong></span> <span class='ocrx_word' id='word_1_417' title='bbox 1448 1919 1460 1942; x_wconf 89' lang='grc' dir='ltr'>ν</span> 
     </span>
    </p>
   </div>
   <div class='ocr_carea' id='block_1_18' title="bbox 1225 2042 1458 2092">
    <p class='ocr_par' dir='ltr' id='par_1_27' title="bbox 1225 2042 1458 2092">
     <span class='ocr_line' id='line_1_70' title="bbox 1225 2042 1458 2092; baseline -0.004 -1"><span class='ocrx_word' id='word_1_418' title='bbox 1225 2045 1281 2092; x_wconf 88' lang='grc'><strong>383.</strong></span> <span class='ocrx_word' id='word_1_419' title='bbox 1298 2042 1458 2090; x_wconf 71' lang='lat' dir='ltr'><strong>PALLADE.</strong></span> 
     </span>
    </p>
   </div>
   <div class='ocr_carea' id='block_1_19' title="bbox 951 2174 1671 2683">
    <p class='ocr_par' dir='ltr' id='par_1_28' title="bbox 951 2174 1585 2328">
     <span class='ocr_line' id='line_1_71' title="bbox 951 2174 1571 2240; baseline 0.006 -14"><span class='ocrx_word' id='word_1_420' title='bbox 951 2180 996 2226; x_wconf 87' lang='lat' dir='ltr'><strong>Est</strong></span> <span class='ocrx_word' id='word_1_421' title='bbox 1007 2191 1064 2240; x_wconf 85' lang='lat' dir='ltr'><strong>ergo</strong></span> <span class='ocrx_word' id='word_1_422' title='bbox 1078 2181 1104 2228; x_wconf 88' lang='lat' dir='ltr'><strong>et</strong></span> <span class='ocrx_word' id='word_1_423' title='bbox 1113 2177 1188 2227; x_wconf 79' lang='lat' dir='ltr'><strong>orinia</strong></span> <span class='ocrx_word' id='word_1_424' title='bbox 1201 2179 1308 2227; x_wconf 72' lang='lat' dir='ltr'><strong>Fortuna</strong></span> <span class='ocrx_word' id='word_1_425' title='bbox 1319 2174 1428 2226; x_wconf 81' lang='lat' dir='ltr'><strong>difficilia</strong></span> <span class='ocrx_word' id='word_1_426' title='bbox 1437 2177 1481 2225; x_wconf 84' lang='lat' dir='ltr'><strong>aut</strong></span> <span class='ocrx_word' id='word_1_427' title='bbox 1492 2175 1571 2237; x_wconf 80' lang='lat' dir='ltr'><strong>boue,</strong></span> 
     </span>
     <span class='ocr_line' id='line_1_72' title="bbox 983 2262 1585 2328; baseline -0.005 -13"><span class='ocrx_word' id='word_1_428' title='bbox 983 2269 1008 2315; x_wconf 90' lang='lat' dir='ltr'><strong>et</strong></span> <span class='ocrx_word' id='word_1_429' title='bbox 1017 2269 1137 2316; x_wconf 81' lang='lat' dir='ltr'><strong>saturum</strong></span> <span class='ocrx_word' id='word_1_430' title='bbox 1145 2265 1286 2315; x_wconf 77' lang='lat' dir='ltr'><strong>durabatur</strong></span> <span class='ocrx_word' id='word_1_431' title='bbox 1296 2262 1485 2328; x_wconf 83' lang='lat' dir='ltr'><strong>quadrupedum</strong></span> <span class='ocrx_word' id='word_1_432' title='bbox 1496 2264 1585 2327; x_wconf 73' lang='lat' dir='ltr'><strong>quoad.</strong></span> 
     </span>
    </p>

    <p class='ocr_par' dir='ltr' id='par_1_29' title="bbox 952 2351 1671 2507">
     <span class='ocr_line' id='line_1_73' title="bbox 952 2351 1671 2418; baseline -0.001 -15"><span class='ocrx_word' id='word_1_433' title='bbox 952 2356 985 2403; x_wconf 83' lang='lat' dir='ltr'><strong>Ex</strong></span> <span class='ocrx_word' id='word_1_434' title='bbox 995 2369 1045 2418; x_wconf 93' lang='lat' dir='ltr'><strong>quo</strong></span> <span class='ocrx_word' id='word_1_435' title='bbox 1059 2354 1125 2404; x_wconf 86' lang='lat' dir='ltr'><strong>enirn</strong></span> <span class='ocrx_word' id='word_1_436' title='bbox 1136 2357 1163 2405; x_wconf 86' lang='lat' dir='ltr'><strong>ct</strong></span> <span class='ocrx_word' id='word_1_437' title='bbox 1172 2352 1240 2404; x_wconf 87' lang='lat' dir='ltr'><strong>huuc</strong></span> <span class='ocrx_word' id='word_1_438' title='bbox 1250 2354 1346 2404; x_wconf 79' lang='lat' dir='ltr'><strong>atinum</strong></span> <span class='ocrx_word' id='word_1_439' title='bbox 1354 2352 1561 2417; x_wconf 82' lang='lat' dir='ltr'><strong>difficitateurpue</strong></span> <span class='ocrx_word' id='word_1_440' title='bbox 1578 2351 1671 2413; x_wconf 77' lang='lat' dir='ltr'><strong>babuit,</strong></span> 
     </span>
     <span class='ocr_line' id='line_1_74' title="bbox 983 2441 1561 2507; baseline -0.003 -14"><span class='ocrx_word' id='word_1_441' title='bbox 983 2458 1014 2493; x_wconf 82' lang='lat' dir='ltr'><strong>ax</strong></span> <span class='ocrx_word' id='word_1_442' title='bbox 1023 2443 1247 2494; x_wconf 75' lang='lat' dir='ltr'><strong>einhardum-domo</strong></span> <span class='ocrx_word' id='word_1_443' title='bbox 1258 2441 1410 2507; x_wconf 79' lang='lat' dir='ltr'><strong>grammatici</strong></span> <span class='ocrx_word' id='word_1_444' title='bbox 1418 2443 1561 2494; x_wconf 81' lang='lat' dir='ltr'><strong>eat-tuctur.</strong></span> 
     </span>
    </p>

    <p class='ocr_par' dir='ltr' id='par_1_30' title="bbox 954 2530 1641 2683">
     <span class='ocr_line' id='line_1_75' title="bbox 954 2530 1612 2596; baseline -0.006 -13"><span class='ocrx_word' id='word_1_445' title='bbox 954 2533 1051 2583; x_wconf 81' lang='lat' dir='ltr'><strong>Sustine</strong></span> <span class='ocrx_word' id='word_1_446' title='bbox 1066 2533 1129 2583; x_wconf 87' lang='lat' dir='ltr'><strong>terra</strong></span> <span class='ocrx_word' id='word_1_447' title='bbox 1140 2532 1262 2596; x_wconf 77' lang='lat' dir='ltr'><strong>deinceps,</strong></span> <span class='ocrx_word' id='word_1_448' title='bbox 1278 2531 1345 2582; x_wconf 81' lang='lat' dir='ltr'><strong>aeine</strong></span> <span class='ocrx_word' id='word_1_449' title='bbox 1357 2550 1363 2580; x_wconf 74' lang='grc' dir='ltr'><strong>ι</strong></span> <span class='ocrx_word' id='word_1_450' title='bbox 1374 2530 1536 2595; x_wconf 76' lang='lat' dir='ltr'><strong>grammaticis</strong></span> <span class='ocrx_word' id='word_1_451' title='bbox 1548 2530 1612 2580; x_wconf 86' lang='lat' dir='ltr'><strong>enim</strong></span> 
     </span>
     <span class='ocr_line' id='line_1_76' title="bbox 985 2602 1641 2683; baseline -0.005 -13"><span class='ocrx_word' id='word_1_452' title='bbox 985 2636 1032 2671; x_wconf 91' lang='lat' dir='ltr'><strong>non</strong></span> <span class='ocrx_word' id='word_1_453' title='bbox 1047 2623 1087 2671; x_wconf 82' lang='lat' dir='ltr'><strong>ert</strong></span> <span class='ocrx_word' id='word_1_454' title='bbox 1100 2619 1156 2671; x_wconf 81' lang='lat' dir='ltr'><strong>finis</strong></span> <span class='ocrx_word' id='word_1_455' title='bbox 1168 2619 1268 2683; x_wconf 83' lang='lat' dir='ltr'><strong>hordeo,</strong></span> <span class='ocrx_word' id='word_1_456' title='bbox 1282 2620 1326 2670; x_wconf 83' lang='lat' dir='ltr'><strong>sed</strong></span> <span class='ocrx_word' id='word_1_457' title='bbox 1337 2638 1349 2661; x_wconf 86' lang='grc' dir='ltr'><strong>ιι</strong></span> <span class='ocrx_word' id='word_1_458' title='bbox 1362 2620 1407 2669; x_wconf 88' lang='lat' dir='ltr'><strong>bor</strong></span> <span class='ocrx_word' id='word_1_459' title='bbox 1420 2639 1431 2662; x_wconf 84' lang='grc' dir='ltr'>ν</span> <span class='ocrx_word' id='word_1_460' title='bbox 1442 2622 1537 2669; x_wconf 87' lang='lat' dir='ltr'><strong>tantum</strong></span> <span class='ocrx_word' id='word_1_461' title='bbox 1552 2602 1641 2668; x_wconf 83' lang='lat' dir='ltr'><strong>dicitur</strong></span> 
     </span>
    </p>
   </div>
   <div class='ocr_carea' id='block_1_20' title="bbox 1232 2752 1460 2818">
    <p class='ocr_par' dir='ltr' id='par_1_31' title="bbox 1232 2752 1460 2818">
     <span class='ocr_line' id='line_1_77' title="bbox 1232 2752 1460 2818; baseline -0.013 -2"><span class='ocrx_word' id='word_1_462' title='bbox 1232 2752 1287 2818; x_wconf 53' lang='lat' dir='ltr'><strong>aab</strong></span> <span class='ocrx_word' id='word_1_463' title='bbox 1311 2771 1460 2814; x_wconf 81' lang='lat' dir='ltr'><strong>urosnuu.</strong></span> 
     </span>
    </p>
   </div>
   <div class='ocr_carea' id='block_1_21' title="bbox 952 2901 1675 3043">
    <p class='ocr_par' dir='ltr' id='par_1_32' title="bbox 952 2901 1675 3043">
     <span class='ocr_line' id='line_1_78' title="bbox 952 2901 1675 2966; baseline -0.003 -12"><span class='ocrx_word' id='word_1_464' title='bbox 952 2903 978 2954; x_wconf 90' lang='lat' dir='ltr'><strong>si</strong></span> <span class='ocrx_word' id='word_1_465' title='bbox 989 2903 1111 2966; x_wconf 83' lang='lat' dir='ltr'><strong>monachi,</strong></span> <span class='ocrx_word' id='word_1_466' title='bbox 1124 2914 1169 2954; x_wconf 88' lang='lat' dir='ltr'><strong>cur</strong></span> <span class='ocrx_word' id='word_1_467' title='bbox 1180 2905 1236 2954; x_wconf 81' lang='lat' dir='ltr'><strong>toti</strong></span> <span class='ocrx_word' id='word_1_468' title='bbox 1247 2905 1286 2954; x_wconf 90' lang='lat' dir='ltr'><strong>tot</strong></span> <span class='ocrx_word' id='word_1_469' title='bbox 1296 2914 1365 2965; x_wconf 80' lang='lat' dir='ltr'><strong>raro,</strong></span> <span class='ocrx_word' id='word_1_470' title='bbox 1380 2901 1505 2966; x_wconf 87' lang='lat' dir='ltr'><strong>quomodo</strong></span> <span class='ocrx_word' id='word_1_471' title='bbox 1512 2914 1600 2953; x_wconf 83' lang='lat' dir='ltr'><strong>ruraua</strong></span> <span class='ocrx_word' id='word_1_472' title='bbox 1613 2903 1675 2952; x_wconf 80' lang='lat' dir='ltr'><strong>aoti²</strong></span> 
     </span>
     <span class='ocr_line' id='line_1_79' title="bbox 984 2990 1611 3043; baseline -0.003 -1"><span class='ocrx_word' id='word_1_473' title='bbox 984 2997 1005 3042; x_wconf 93' lang='lat'>0</span> <span class='ocrx_word' id='word_1_474' title='bbox 1020 2992 1153 3043; x_wconf 85' lang='lat' dir='ltr'><strong>multitudo</strong></span> <span class='ocrx_word' id='word_1_475' title='bbox 1163 2990 1342 3042; x_wconf 86' lang='lat' dir='ltr'><strong>monachorum</strong></span> <span class='ocrx_word' id='word_1_476' title='bbox 1355 2991 1458 3042; x_wconf 84' lang='lat' dir='ltr'><strong>mentita</strong></span> <span class='ocrx_word' id='word_1_477' title='bbox 1468 2991 1611 3042; x_wconf 81' lang='lat' dir='ltr'><strong>monadem!</strong></span> 
     </span>
    </p>
   </div>
   <div class='ocr_carea' id='block_1_22' title="bbox 1231 3138 1455 3188">
    <p class='ocr_par' dir='ltr' id='par_1_33' title="bbox 1231 3138 1455 3188">
     <span class='ocr_line' id='line_1_80' title="bbox 1231 3138 1455 3188; baseline 0.009 -4"><span class='ocrx_word' id='word_1_478' title='bbox 1231 3138 1287 3185; x_wconf 77' lang='lat'><strong>³85.</strong></span> <span class='ocrx_word' id='word_1_479' title='bbox 1309 3144 1455 3188; x_wconf 72' lang='lat' dir='ltr'><strong>uuonan.</strong></span> 
     </span>
    </p>
   </div>
   <div class='ocr_carea' id='block_1_23' title="bbox 954 3253 1724 3410">
    <p class='ocr_par' dir='ltr' id='par_1_34' title="bbox 954 3253 1724 3410">
     <span class='ocr_line' id='line_1_81' title="bbox 954 3253 1724 3314; baseline -0.013 -4"><span class='ocrx_word' id='word_1_480' title='bbox 954 3257 1264 3314; x_wconf 73' lang='lat' dir='ltr'><strong>Fictumtrabaaarnorornr</strong></span> <span class='ocrx_word' id='word_1_481' title='bbox 1278 3258 1346 3307; x_wconf 88' lang='lat' dir='ltr'><strong>rnatu</strong></span> <span class='ocrx_word' id='word_1_482' title='bbox 1359 3254 1424 3306; x_wconf 83' lang='lat' dir='ltr'><strong>cuim</strong></span> <span class='ocrx_word' id='word_1_483' title='bbox 1439 3267 1508 3305; x_wconf 84' lang='lat' dir='ltr'><strong>amaa</strong></span> <span class='ocrx_word' id='word_1_484' title='bbox 1523 3253 1724 3304; x_wconf 68' lang='lat' dir='ltr'><strong>daeoearitute:</strong></span> 
     </span>
     <span class='ocr_line' id='line_1_82' title="bbox 986 3343 1501 3410; baseline -0.016 -10"><span class='ocrx_word' id='word_1_485' title='bbox 986 3361 1069 3400; x_wconf 80' lang='lat' dir='ltr'><strong>umore</strong></span> <span class='ocrx_word' id='word_1_486' title='bbox 1082 3351 1165 3398; x_wconf 85' lang='lat' dir='ltr'><strong>autem</strong></span> <span class='ocrx_word' id='word_1_487' title='bbox 1179 3345 1299 3410; x_wconf 79' lang='lat' dir='ltr'><strong>ejusmodi</strong></span> <span class='ocrx_word' id='word_1_488' title='bbox 1312 3344 1371 3394; x_wconf 88' lang='lat' dir='ltr'><strong>nitrit</strong></span> <span class='ocrx_word' id='word_1_489' title='bbox 1390 3343 1501 3393; x_wconf 85' lang='lat' dir='ltr'><strong>infidius.</strong></span> 
     </span>
    </p>
   </div>
   <div class='ocr_carea' id='block_1_24' title="bbox 1237 3485 1463 3533">
    <p class='ocr_par' dir='ltr' id='par_1_35' title="bbox 1237 3485 1463 3533">
     <span class='ocr_line' id='line_1_83' title="bbox 1237 3485 1463 3533; baseline 0.009 -2"><span class='ocrx_word' id='word_1_490' title='bbox 1237 3485 1292 3531; x_wconf 76' lang='lat'><strong>380.</strong></span> <span class='ocrx_word' id='word_1_491' title='bbox 1312 3491 1463 3533; x_wconf 72' lang='lat' dir='ltr'><strong>EJUSDBH·</strong></span> 
     </span>
    </p>
   </div>
   <div class='ocr_carea' id='block_1_25' title="bbox 953 3609 1727 3766">
    <p class='ocr_par' dir='ltr' id='par_1_36' title="bbox 953 3609 1727 3766">
     <span class='ocr_line' id='line_1_84' title="bbox 953 3609 1727 3676; baseline -0.005 -11"><span class='ocrx_word' id='word_1_492' title='bbox 953 3614 1059 3665; x_wconf 81' lang='lat' dir='ltr'><strong>Tristem</strong></span> <span class='ocrx_word' id='word_1_493' title='bbox 1072 3612 1200 3663; x_wconf 80' lang='lat' dir='ltr'><strong>rictoriuur</strong></span> <span class='ocrx_word' id='word_1_494' title='bbox 1217 3612 1337 3676; x_wconf 75' lang='lat' dir='ltr'><strong>quidpiam</strong></span> <span class='ocrx_word' id='word_1_495' title='bbox 1351 3611 1507 3675; x_wconf 78' lang='lat' dir='ltr'><strong>conspicatur</strong></span> <span class='ocrx_word' id='word_1_496' title='bbox 1519 3625 1564 3676; x_wconf 85' lang='lat' dir='ltr'><strong>per</strong></span> <span class='ocrx_word' id='word_1_497' title='bbox 1575 3609 1664 3661; x_wconf 81' lang='lat' dir='ltr'><strong>urbem</strong></span> <span class='ocrx_word' id='word_1_498' title='bbox 1674 3609 1727 3662; x_wconf 86' lang='lat' dir='ltr'><strong>truri</strong></span> 
     </span>
     <span class='ocr_line' id='line_1_85' title="bbox 984 3699 1675 3766; baseline -0.007 -14"><span class='ocrx_word' id='word_1_499' title='bbox 984 3703 1047 3753; x_wconf 82' lang='lat' dir='ltr'><strong>dixit</strong></span> <span class='ocrx_word' id='word_1_500' title='bbox 1064 3723 1069 3752; x_wconf 91' lang='lat'><strong>:</strong></span> <span class='ocrx_word' id='word_1_501' title='bbox 1084 3723 1095 3744; x_wconf 87' lang='grc' dir='ltr'><strong>ιι</strong></span> <span class='ocrx_word' id='word_1_502' title='bbox 1112 3704 1162 3751; x_wconf 85' lang='lat' dir='ltr'><strong>Dea</strong></span> <span class='ocrx_word' id='word_1_503' title='bbox 1174 3702 1295 3761; x_wconf 82' lang='lat' dir='ltr'><strong>victoria,</strong></span> <span class='ocrx_word' id='word_1_504' title='bbox 1307 3701 1424 3764; x_wconf 86' lang='lat' dir='ltr'><strong>quidnam</strong></span> <span class='ocrx_word' id='word_1_505' title='bbox 1437 3714 1548 3766; x_wconf 66' lang='lat' dir='ltr'><strong>paam-ea</strong></span> <span class='ocrx_word' id='word_1_506' title='bbox 1559 3699 1649 3764; x_wconf 76' lang='lat' dir='ltr'><strong>igitur?</strong></span> <span class='ocrx_word' id='word_1_507' title='bbox 1663 3719 1675 3744; x_wconf 80' lang='grc' dir='ltr'>ν</span> 
     </span>
    </p>
   </div>
   <div class='ocr_carea' id='block_1_26' title="bbox 1241 3864 1444 3912">
    <p class='ocr_par' dir='ltr' id='par_1_37' title="bbox 1241 3864 1444 3912">
     <span class='ocr_line' id='line_1_86' title="bbox 1241 3864 1444 3912; baseline 0.005 -3"><span class='ocrx_word' id='word_1_508' title='bbox 1241 3864 1299 3912; x_wconf 81' lang='grc'><strong>383.</strong></span> <span class='ocrx_word' id='word_1_509' title='bbox 1320 3878 1444 3912; x_wconf 76' lang='lat' dir='ltr'><strong>aruurna.</strong></span> 
     </span>
    </p>
   </div>
   <div class='ocr_carea' id='block_1_27' title="bbox 931 3957 1684 4443">
    <p class='ocr_par' dir='ltr' id='par_1_38' title="bbox 931 3957 1684 4443">
     <span class='ocr_line' id='line_1_87' title="bbox 931 3957 1584 4026; baseline -0.008 -15"><span class='ocrx_word' id='word_1_510' title='bbox 931 3974 933 3983; x_wconf 80' lang='grc'>’</span> <span class='ocrx_word' id='word_1_511' title='bbox 956 3966 1016 4026; x_wconf 82' lang='lat' dir='ltr'><strong>Ergo</strong></span> <span class='ocrx_word' id='word_1_512' title='bbox 1028 3979 1078 4012; x_wconf 84' lang='lat' dir='ltr'><strong>sors</strong></span> <span class='ocrx_word' id='word_1_513' title='bbox 1095 3962 1167 4010; x_wconf 85' lang='lat' dir='ltr'><strong>etiarn</strong></span> <span class='ocrx_word' id='word_1_514' title='bbox 1188 3961 1251 4010; x_wconf 82' lang='lat' dir='ltr'><strong>bona</strong></span> <span class='ocrx_word' id='word_1_515' title='bbox 1262 3962 1300 4010; x_wconf 81' lang='lat' dir='ltr'><strong>tei</strong></span> <span class='ocrx_word' id='word_1_516' title='bbox 1319 3962 1380 4009; x_wconf 84' lang='lat' dir='ltr'><strong>mula</strong></span> <span class='ocrx_word' id='word_1_517' title='bbox 1397 3965 1474 4008; x_wconf 82' lang='lat' dir='ltr'><strong>versat</strong></span> <span class='ocrx_word' id='word_1_518' title='bbox 1485 3957 1584 4019; x_wconf 77' lang='grc' dir='ltr'>εοείίσε,</span> 
     </span>
     <span class='ocr_line' id='line_1_88' title="bbox 988 4044 1621 4110; baseline -0.006 -15"><span class='ocrx_word' id='word_1_519' title='bbox 988 4049 1049 4095; x_wconf 88' lang='lat' dir='ltr'><strong>Sunt</strong></span> <span class='ocrx_word' id='word_1_520' title='bbox 1062 4056 1086 4094; x_wconf 87' lang='lat' dir='ltr'><strong>et</strong></span> <span class='ocrx_word' id='word_1_521' title='bbox 1102 4044 1348 4110; x_wconf 79' lang='lat' dir='ltr'><strong>quadrupedumque</strong></span> <span class='ocrx_word' id='word_1_522' title='bbox 1361 4056 1434 4108; x_wconf 80' lang='lat' dir='ltr'><strong>geum</strong></span> <span class='ocrx_word' id='word_1_523' title='bbox 1452 4049 1515 4091; x_wconf 85' lang='grc' dir='ltr'>εειτε</span> <span class='ocrx_word' id='word_1_524' title='bbox 1530 4049 1621 4105; x_wconf 77' lang='lat' dir='ltr'><strong>regunt.</strong></span> 
     </span>
     <span class='ocr_line' id='line_1_89' title="bbox 953 4127 1540 4192; baseline -0.009 -13"><span class='ocrx_word' id='word_1_525' title='bbox 953 4133 1000 4179; x_wconf 82' lang='lat' dir='ltr'><strong>iste</strong></span> <span class='ocrx_word' id='word_1_526' title='bbox 1017 4128 1168 4179; x_wconf 78' lang='lat' dir='ltr'><strong>Aiabarchia</strong></span> <span class='ocrx_word' id='word_1_527' title='bbox 1180 4128 1258 4179; x_wconf 85' lang='lat' dir='ltr'><strong>iuerat</strong></span> <span class='ocrx_word' id='word_1_528' title='bbox 1273 4127 1419 4192; x_wconf 78' lang='lat' dir='ltr'><strong>sagmarius,</strong></span> <span class='ocrx_word' id='word_1_529' title='bbox 1436 4135 1461 4174; x_wconf 87' lang='lat' dir='ltr'><strong>ut</strong></span> <span class='ocrx_word' id='word_1_530' title='bbox 1476 4134 1540 4174; x_wconf 84' lang='lat' dir='ltr'><strong>nanc</strong></span> 
     </span>
     <span class='ocr_line' id='line_1_90' title="bbox 987 4207 1463 4272; baseline -0.008 -10"><span class='ocrx_word' id='word_1_531' title='bbox 987 4218 1070 4272; x_wconf 83' lang='lat' dir='ltr'><strong>Paret,</strong></span> <span class='ocrx_word' id='word_1_532' title='bbox 1082 4211 1178 4262; x_wconf 84' lang='lat' dir='ltr'><strong>Saturni</strong></span> <span class='ocrx_word' id='word_1_533' title='bbox 1190 4210 1282 4271; x_wconf 79' lang='lat' dir='ltr'><strong>ridere,</strong></span> <span class='ocrx_word' id='word_1_534' title='bbox 1292 4207 1463 4259; x_wconf 82' lang='lat' dir='ltr'><strong>Grammatico.</strong></span> 
     </span>
     <span class='ocr_line' id='line_1_91' title="bbox 954 4290 1684 4361; baseline -0.01 -15"><span class='ocrx_word' id='word_1_535' title='bbox 954 4300 1056 4358; x_wconf 73' lang='lat' dir='ltr'><strong>Restat,</strong></span> <span class='ocrx_word' id='word_1_536' title='bbox 1071 4297 1159 4356; x_wconf 78' lang='lat' dir='ltr'><strong>ascite,</strong></span> <span class='ocrx_word' id='word_1_537' title='bbox 1173 4296 1233 4345; x_wconf 77' lang='lat' dir='ltr'><strong>ieras</strong></span> <span class='ocrx_word' id='word_1_538' title='bbox 1249 4295 1313 4361; x_wconf 89' lang='lat' dir='ltr'><strong>quod</strong></span> <span class='ocrx_word' id='word_1_539' title='bbox 1329 4310 1379 4343; x_wconf 84' lang='lat' dir='ltr'><strong>sora</strong></span> <span class='ocrx_word' id='word_1_540' title='bbox 1391 4292 1461 4358; x_wconf 85' lang='lat' dir='ltr'><strong>jubet</strong></span> <span class='ocrx_word' id='word_1_541' title='bbox 1474 4309 1480 4342; x_wconf 74' lang='grc' dir='ltr'><strong>ι</strong></span> <span class='ocrx_word' id='word_1_542' title='bbox 1494 4290 1575 4341; x_wconf 86' lang='lat' dir='ltr'><strong>omnia</strong></span> <span class='ocrx_word' id='word_1_543' title='bbox 1587 4299 1684 4340; x_wconf 87' lang='lat' dir='ltr'><strong>curtaut</strong></span> 
     </span>
     <span class='ocr_line' id='line_1_92' title="bbox 987 4376 1629 4443; baseline -0.008 -13"><span class='ocrx_word' id='word_1_544' title='bbox 987 4379 1159 4442; x_wconf 86' lang='lat' dir='ltr'><strong>Grammatici,</strong></span> <span class='ocrx_word' id='word_1_545' title='bbox 1178 4379 1276 4439; x_wconf 88' lang='lat' dir='ltr'><strong>dicuat,</strong></span> <span class='ocrx_word' id='word_1_546' title='bbox 1288 4394 1325 4437; x_wconf 78' lang='lat' dir='ltr'><strong>ea,</strong></span> <span class='ocrx_word' id='word_1_547' title='bbox 1339 4393 1450 4443; x_wconf 86' lang='lat' dir='ltr'><strong>quoque,</strong></span> <span class='ocrx_word' id='word_1_548' title='bbox 1462 4392 1511 4426; x_wconf 88' lang='lat' dir='ltr'><strong>uon</strong></span> <span class='ocrx_word' id='word_1_549' title='bbox 1520 4376 1629 4425; x_wconf 75' lang='lat' dir='ltr'><strong>camede.</strong></span> 
     </span>
    </p>
   </div>
   <div class='ocr_carea' id='block_1_28' title="bbox 1252 4478 1450 4534">
    <p class='ocr_par' dir='ltr' id='par_1_39' title="bbox 1252 4478 1450 4534">
     <span class='ocr_line' id='line_1_93' title="bbox 1252 4478 1450 4534; baseline -0.015 -9"><span class='ocrx_word' id='word_1_550' title='bbox 1252 4478 1312 4534; x_wconf 71' lang='grc'><strong>384.</strong></span> <span class='ocrx_word' id='word_1_551' title='bbox 1330 4491 1450 4524; x_wconf 73' lang='lat' dir='ltr'><strong>uuonan.</strong></span> 
     </span>
    </p>
   </div>
   <div class='ocr_carea' id='block_1_29' title="bbox 953 4573 1596 4714">
    <p class='ocr_par' dir='ltr' id='par_1_40' title="bbox 953 4573 1596 4714">
     <span class='ocr_line' id='line_1_94' title="bbox 953 4573 1596 4637; baseline -0.012 -7"><span class='ocrx_word' id='word_1_552' title='bbox 953 4579 977 4630; x_wconf 86' lang='lat' dir='ltr'><strong>Si</strong></span> <span class='ocrx_word' id='word_1_553' title='bbox 992 4579 1118 4637; x_wconf 84' lang='lat' dir='ltr'><strong>monachi,</strong></span> <span class='ocrx_word' id='word_1_554' title='bbox 1131 4595 1175 4628; x_wconf 89' lang='lat' dir='ltr'><strong>cur</strong></span> <span class='ocrx_word' id='word_1_555' title='bbox 1193 4581 1247 4628; x_wconf 80' lang='lat' dir='ltr'><strong>toti’</strong></span> <span class='ocrx_word' id='word_1_556' title='bbox 1262 4577 1282 4625; x_wconf 86' lang='grc' dir='ltr'><strong>εἰ</strong></span> <span class='ocrx_word' id='word_1_557' title='bbox 1296 4586 1346 4637; x_wconf 85' lang='grc' dir='ltr'>ισι,</span> <span class='ocrx_word' id='word_1_558' title='bbox 1365 4592 1408 4625; x_wconf 91' lang='lat' dir='ltr'><strong>eur</strong></span> <span class='ocrx_word' id='word_1_559' title='bbox 1422 4573 1521 4624; x_wconf 84' lang='lat' dir='ltr'><strong>nomine</strong></span> <span class='ocrx_word' id='word_1_560' title='bbox 1537 4573 1596 4623; x_wconf 81' lang='lat' dir='ltr'><strong>utir</strong></span> 
     </span>
     <span class='ocr_line' id='line_1_95' title="bbox 986 4656 1501 4714; baseline -0.014 -1"><span class='ocrx_word' id='word_1_561' title='bbox 986 4664 1055 4714; x_wconf 76' lang='lat' dir='ltr'><strong>Soloe</strong></span> <span class='ocrx_word' id='word_1_562' title='bbox 1071 4680 1097 4712; x_wconf 83' lang='lat' dir='ltr'><strong>aa</strong></span> <span class='ocrx_word' id='word_1_563' title='bbox 1115 4662 1162 4712; x_wconf 91' lang='lat' dir='ltr'><strong>dici</strong></span> <span class='ocrx_word' id='word_1_564' title='bbox 1182 4678 1230 4711; x_wconf 91' lang='lat' dir='ltr'><strong>non</strong></span> <span class='ocrx_word' id='word_1_565' title='bbox 1243 4659 1306 4711; x_wconf 77' lang='lat' dir='ltr'><strong>bene</strong></span> <span class='ocrx_word' id='word_1_566' title='bbox 1321 4656 1393 4709; x_wconf 84' lang='lat' dir='ltr'><strong>turbu</strong></span> <span class='ocrx_word' id='word_1_567' title='bbox 1408 4659 1501 4708; x_wconf 87' lang='lat' dir='ltr'><strong>rotant.</strong></span> 
     </span>
    </p>
   </div>
   <div class='ocr_carea' id='block_1_30' title="bbox 955 4760 1708 4986">
    <p class='ocr_par' dir='ltr' id='par_1_41' title="bbox 955 4760 1708 4986">
     <span class='ocr_line' id='line_1_96' title="bbox 1246 4760 1438 4808; baseline -0.016 0"><span class='ocrx_word' id='word_1_568' title='bbox 1246 4760 1304 4808; x_wconf 82' lang='lat'><strong>385.</strong></span> <span class='ocrx_word' id='word_1_569' title='bbox 1322 4773 1438 4807; x_wconf 76' lang='grc' dir='ltr'>ιιοεαιιε.</span> 
     </span>
     <span class='ocr_line' id='line_1_97' title="bbox 955 4843 1708 4921; baseline -0.009 -29"><span class='ocrx_word' id='word_1_570' title='bbox 955 4844 1033 4893; x_wconf 80' lang='lat' dir='ltr'><strong>t&#39;ietus</strong></span> <span class='ocrx_word' id='word_1_571' title='bbox 1048 4859 1116 4892; x_wconf 89' lang='lat' dir='ltr'><strong>amor</strong></span> <span class='ocrx_word' id='word_1_572' title='bbox 1129 4852 1185 4892; x_wconf 77' lang='lat' dir='ltr'><strong>tuuc</strong></span> <span class='ocrx_word' id='word_1_573' title='bbox 1202 4852 1239 4891; x_wconf 82' lang='lat' dir='ltr'><strong>art</strong></span> <span class='ocrx_word' id='word_1_574' title='bbox 1254 4858 1260 4890; x_wconf 91' lang='lat'>:</span> <span class='ocrx_word' id='word_1_575' title='bbox 1279 4851 1356 4890; x_wconf 82' lang='lat' dir='ltr'><strong>aretur</strong></span> <span class='ocrx_word' id='word_1_576' title='bbox 1368 4848 1453 4889; x_wconf 78' lang='lat' dir='ltr'><strong>auctor</strong></span> <span class='ocrx_word' id='word_1_577' title='bbox 1472 4847 1496 4887; x_wconf 85' lang='lat' dir='ltr'><strong>et</strong></span> <span class='ocrx_word' id='word_1_578' title='bbox 1511 4843 1708 4921; x_wconf 35' lang='lat' dir='ltr'><strong>auctoruegertaaq</strong></span> 
     </span>
     <span class='ocr_line' id='line_1_98' title="bbox 985 4921 1572 4986; baseline -0.009 -11"><span class='ocrx_word' id='word_1_579' title='bbox 985 4927 1040 4975; x_wconf 85' lang='lat' dir='ltr'><strong>Non</strong></span> <span class='ocrx_word' id='word_1_580' title='bbox 1056 4923 1162 4986; x_wconf 78' lang='lat' dir='ltr'><strong>aethio,</strong></span> <span class='ocrx_word' id='word_1_581' title='bbox 1176 4922 1243 4973; x_wconf 85' lang='lat' dir='ltr'><strong>credi</strong></span> <span class='ocrx_word' id='word_1_582' title='bbox 1255 4923 1294 4973; x_wconf 90' lang='lat' dir='ltr'><strong>cui</strong></span> <span class='ocrx_word' id='word_1_583' title='bbox 1312 4921 1374 4972; x_wconf 83' lang='lat' dir='ltr'><strong>bene</strong></span> <span class='ocrx_word' id='word_1_584' title='bbox 1393 4921 1481 4986; x_wconf 78' lang='lat' dir='ltr'><strong>poerit,</strong></span> <span class='ocrx_word' id='word_1_585' title='bbox 1494 4935 1572 4970; x_wconf 85' lang='lat' dir='ltr'><strong>amor.</strong></span> 
     </span>
    </p>
   </div>
   <div class='ocr_carea' id='block_1_31' title="bbox 1252 5026 1448 5075">
    <p class='ocr_par' dir='ltr' id='par_1_42' title="bbox 1252 5026 1448 5075">
     <span class='ocr_line' id='line_1_99' title="bbox 1252 5026 1448 5075; baseline -0.015 0"><span class='ocrx_word' id='word_1_586' title='bbox 1252 5026 1310 5075; x_wconf 78' lang='lat' dir='ltr'><strong>aad.</strong></span> <span class='ocrx_word' id='word_1_587' title='bbox 1329 5038 1448 5072; x_wconf 80' lang='grc' dir='ltr'>ιιιιεοιιι.</span> 
     </span>
    </p>
   </div>
   <div class='ocr_carea' id='block_1_32' title="bbox 953 5119 1646 5274">
    <p class='ocr_par' dir='ltr' id='par_1_43' title="bbox 953 5119 1646 5274">
     <span class='ocr_line' id='line_1_100' title="bbox 953 5119 1568 5191; baseline -0.01 -17"><span class='ocrx_word' id='word_1_588' title='bbox 953 5127 1013 5174; x_wconf 89' lang='lat' dir='ltr'><strong>Cum</strong></span> <span class='ocrx_word' id='word_1_589' title='bbox 1029 5124 1152 5191; x_wconf 68' lang='lat' dir='ltr'><strong>proterret</strong></span> <span class='ocrx_word' id='word_1_590' title='bbox 1168 5124 1221 5174; x_wconf 82' lang='lat' dir='ltr'><strong>heri</strong></span> <span class='ocrx_word' id='word_1_591' title='bbox 1236 5124 1329 5173; x_wconf 79' lang='lat' dir='ltr'><strong>tristem</strong></span> <span class='ocrx_word' id='word_1_592' title='bbox 1344 5119 1453 5172; x_wconf 77' lang='lat' dir='ltr'><strong>Victoria</strong></span> <span class='ocrx_word' id='word_1_593' title='bbox 1467 5121 1568 5182; x_wconf 84' lang='lat' dir='ltr'><strong>ruitum,</strong></span> 
     </span>
     <span class='ocr_line' id='line_1_101' title="bbox 985 5201 1646 5274; baseline -0.012 -16"><span class='ocrx_word' id='word_1_594' title='bbox 985 5208 1072 5258; x_wconf 84' lang='lat' dir='ltr'><strong>Ncaeio</strong></span> <span class='ocrx_word' id='word_1_595' title='bbox 1087 5207 1157 5274; x_wconf 80' lang='lat' dir='ltr'><strong>quis,</strong></span> <span class='ocrx_word' id='word_1_596' title='bbox 1176 5205 1241 5272; x_wconf 85' lang='lat' dir='ltr'><strong>Quid</strong></span> <span class='ocrx_word' id='word_1_597' title='bbox 1255 5214 1280 5255; x_wconf 86' lang='grc' dir='ltr'><strong>ιε</strong></span> <span class='ocrx_word' id='word_1_598' title='bbox 1299 5214 1349 5254; x_wconf 89' lang='lat' dir='ltr'><strong>tam</strong></span> <span class='ocrx_word' id='word_1_599' title='bbox 1366 5204 1444 5266; x_wconf 83' lang='lat' dir='ltr'><strong>mata,</strong></span> <span class='ocrx_word' id='word_1_600' title='bbox 1457 5203 1535 5264; x_wconf 77' lang='lat' dir='ltr'><strong>dixit,</strong></span> <span class='ocrx_word' id='word_1_601' title='bbox 1552 5201 1646 5250; x_wconf 80' lang='lat' dir='ltr'><strong>imber?</strong></span> 
     </span>
    </p>
   </div>
   <div class='ocr_carea' id='block_1_33' title="bbox 0 0 1910 5910">
    <p class='ocr_par' dir='ltr' id='par_1_44' title="bbox 0 0 1910 5910">
     <span class='ocr_line' id='line_1_102' title="bbox 0 0 1910 5910; baseline 0 0"><span class='ocrx_word' id='word_1_602' title='bbox 0 0 1910 5910; x_wconf 95' lang='lat' dir='ltr'><strong> </strong></span> 
     </span>
    </p>
   </div>
  </div>
 </body>
</html>
