3810 5910
723 367 977 432 att't‘ttuttthAE
1000 364 1203 425 Patauina}

401 515 463 566 606.
481 513 677 562 ΑΔΕΣΠΟἸῸΝ.

393 652 395 666 .
456 616 496 671 Εἰς
506 613 610 678 λουτρόν.

151 741 201 802 Ἠν
213 741 242 800 τὸ
256 740 338 819 πάρος
353 742 487 822 φιλέεσκεν
500 735 596 816 Ἄρης,
610 735 735 804 σκοπίαζε
751 733 880 813 Κυθείρην

189 831 280 888 ἐνθάδε
293 832 437 908 λουομένην
451 829 550 905 νάμασι
562 826 758 907 ραιδροτοίτοις·

149 917 238 999 δέρκεο
250 921 409 999 νηχομένην·
425 918 462 996 μὴ
478 918 575 975 δείδιθι·
588 917 679 994 οὐγὰρ
691 913 799 984 Ἀθήνην

189 1008 315 1087 παρθένον
335 1008 471 1087 εἷσοροίας,
488 995 559 1063 οἷοίτε
573 1003 728 1083 'inpensa‘

450 1153 513 1203 607.
531 1155 628 1204 anto,

149 1280 185 1340 Αἱ
199 1279 312 1352 Χάριτες
325 1279 468 1338 λούσαντο·
485 1279 663 1360 ἀμειψάμενοι
678 1277 704 1335 δέ
713 1277 817 1357 λοετρδν

167 1443 169 1445 ¹
190 1371 277 1428 δῶκαν
294 1373 343 1429 ἑῶν
361 1367 456 1450 ρεθέων
472 1367 562 1426 ὕδασιν
577 1363 700 1443 ἀγλαίην.

450 1510 513 1562 608.
533 1514 628 1560 ΑΔΔΟ.

150 1633 191 1695 Ἢ
204 1643 272 1694 τοῖον
289 1632 432 1715 Κυθέρειαν
447 1634 517 1713 ὕδωρ
529 1634 614 1710 τέκεν,
631 1634 648 1706 ἢ
666 1633 792 1714 Κυθέρεια

190 1733 259 1782 τοῖον
276 1723 363 1792 τεῦξεν
379 1724 468 1806 ὕδωρ,
483 1723 512 1783 δν
524 1724 593 1803 χροά
605 1723 764 1798 λουσαμένη.

452 1870 515 1921 609.
534 1870 630 1918 ΑΔΔΟ.

151 2000 213 2058 Τῶν
230 1997 352 2076 Χαρίτων
363 1999 421 2059 τάδε
432 2001 540 2079 λουτρὸν
556 2000 703 2076 ἀθύρματα·
715 1998 759 2055 καὶ
771 1997 822 2077 γάρ
835 1997 933 2063 ἐκείνας

194 2092 289 2163 μοῦνος
303 2087 355 2145 ἔσω
369 2089 491 2147 τιαίσδειν
503 2090 550 2154 τὰς
563 2090 681 2168 Χάριτας
695 2087 811 2167 δέχεται.

440 2225 524 2281 6⁰9⁶.
544 2218 639 2279 aito.

152 2351 255 2420 Ὀντως
269 2352 300 2425 δὴ
318 2352 440 2431 Χαρίτων
455 2353 565 2433 λουτρὸν
578 2352 721 2412 alternati
735 2353 786 2433 γάρ
801 2355 894 2421 άλλους

194 2443 297 2508 πλείους
311 2445 434 2522 χωρῆσαι
449 2447 526 2501 τοῦτο
543 2446 621 2522 τριῶν
637 2442 757 2501 δύναται.

453 2587 515 2636 610.
535 2590 629 2638 atto,

153 2713 244 2792 Μικρθι
257 2711 304 2789 μὲν
321 2711 386 2791 ἔργα
401 2711 457 2772 τάδ’
470 2714 549 2783 ἐστὶν,
563 2711 619 2792 ἔχει
633 2713 655 2772 δ’
669 2713 759 2783 ἡδεῖαν
775 2713 887 2786 δδωδὴν,

191 2803 226 2866 ὡς
241 2800 314 2880 ῥόδον
327 2801 352 2858 ἐν
362 2799 478 2883 ἱκήποις,
491 2803 526 2867 ὡς
537 2799 576 2858 ίον
592 2804 618 2858 ἐν
633 2801 765 2881 ταλάροις.

452 2945 514 2996 611.
535 2947 631 2994 ΑΛΛΟ.

154 3068 201 3127 Ἐν
217 3071 303 3146 μικρῷ
317 3070 418 3146 μεγάλη
438 3071 539 3154 λουτρῷ
551 3068 644 3148 χάρις·
656 3073 681 3130 ἐν
697 3072 720 3128 δ’
733 3070 864 3151 ἐλαχίστῳ

192 3158 291 3233 νάματι
304 3157 452 3233 λουομένοις
464 3157 527 3230 ἡδθς
540 3158 643 3217 ἔπεστιν
658 3157 732 3237 ἔρως.

452 3303 515 3354 610.
534 3306 630 3352 atto,

154 3429 203 3496 Ὡς
218 3429 321 3507 δένδρον
337 3431 533 3510 βραχύρνλλον,
546 3430 601 3510 ἔχει
615 3434 637 3490 δ’
653 3434 744 3503 ἡδεῖαν
759 3433 869 3506 θδωδὴν,

193 3519 273 3584 οὕτως
284 3521 380 3599 λουτρὰ
394 3520 457 3578 τάδε
471 3523 552 3599 μικρὰ
568 3520 626 3595 μέν,
639 3520 707 3579 ἀλλὰ
722 3522 795 3602 ρίλα.

447 3799 505 3847 6ο6.
524 3814 637 3847 incanui.

473 3915 509 3959 De
520 3911 613 3964 buliaco.

153 4045 240 4110 Aspice
249 4047 315 4093 Mars
325 4043 455 4103 Venerem,
466 4060 536 4109 quam
548 4055 574 4094 tu
584 4063 632 4094 uon
639 4049 725 4098 stultns
733 4052 816 4100 amasti
827 4087 835 4112 ,

187 4129 286 4195 Aspice,
300 4127 430 4195 perspicuis
441 4127 541 4194 pulchra
554 4131 648 4179 lavatur
659 4131 735 4196 aquis.

147 4214 205 4271 ‚lice
217 4212 283 4260 nanti
298 4211 401 4278 trepides
414 4212 497 4260 oculos
509 4209 638 4261 immittere
650 4231 657 4264 :
667 4230 715 4263 nun
727 4226 754 4264 ut

185 4295 281 4345 Tiresiae
295 4297 370 4345 Pallas
384 4296 451 4360 virgo
465 4294 565 4344 videnda
579 4296 622 4345 tibi
635 4306 679 4347 est.

434 4411 493 4469 607.
512 4413 549 4458 De
562 4408 652 4461 eodem.

154 4529 254 4575 Larerat
265 4523 305 4573 hic
318 4524 402 4590 triplex
411 4540 436 4574 se
447 4525 538 4575 Gratia.
573 4526 688 4577 Redditus
700 4529 770 4579 undis

187 4611 233 4655 Pru
248 4607 324 4671 pretio
338 4615 387 4670 est,
400 4607 476 4672 qualis
491 4607 562 4672 fulget
574 4608 598 4658 in
612 4626 654 4658 ure
666 4611 748 4662 decor.

437 4725 496 4772 608.
512 4727 548 4770 De
561 4720 653 4774 eodem.

154 4838 200 4887 Vel
213 4837 265 4886 talis
277 4836 366 4886 Veneri
377 4838 482 4902 genetrix
496 4856 567 4904 aquia,
581 4840 618 4888 rel
634 4844 716 4890 Venus
727 4841 776 4907 ipsa

184 4921 267 4969 Talem
279 4921 326 4970 lota
340 4937 383 4970 suu
395 4938 495 4988 corpure
508 4924 562 4973 lecit
573 4940 668 4990 aquam.

437 5039 495 5102 609.
509 5042 545 5087 De
558 5037 649 5090 eodem.

152 5169 255 5219 Delicias
268 5173 391 5219 Venarum
402 5181 493 5238 spectas
505 5172 556 5222 hac
570 5173 654 5223 balnea
669 5191 675 5224 :
688 5177 749 5225 sulas

1241 517 1298 563 606.
1319 520 1481 564 ΔΝΟΝΥΙΙ.

1286 639 1311 680 tn
1324 635 1442 680 balneum.

972 759 1052 814 Quam
1066 754 1124 804 olim
1139 752 1266 817 deperibat
1276 754 1356 812 Mars,
1367 749 1465 814 adspira
1474 748 1621 812 cytheream

1003 845 1043 896 htc
1053 844 1175 895 lavantem
1189 840 1286 891 liuentis
1299 837 1453 889 nitidissimis
1467 855 1474 887 :

974 938 1056 1000 specta
1066 935 1190 984 natantem
1202 951 1209 980 ι
1219 945 1249 981 ne
1261 929 1349 980 timeas
1361 946 1369 978 r
1382 926 1507 978 nonenim
1519 927 1652 977 Minervam

1005 1021 1123 1087 virginem
1134 1020 1235 1084 aspicis,
1246 1018 1319 1068 sicuti
1332 1017 1446 1068 Tiresias.

1273 1153 1328 1200 607.
1346 1161 1413 1202 Alli
1425 1160 1459 1204 D·

975 1286 1067 1338 Gratiae
1081 1283 1124 1334 late
1135 1283 1248 1335 lavarunt
1259 1302 1265 1331 :
1276 1284 1303 1332 et
1313 1278 1476 1344 rependentes
1485 1276 1599 1328 bdueum

1006 1374 1128 1426 dederunt
1136 1385 1239 1422 suorum
1247 1381 1377 1433 corporum
1387 1364 1583 1431 aquieniturem.

1276 1503 1331 1551 608.
1350 1508 1455 1551 atton.

976 1652 1027 1701 aut
1035 1648 1092 1700 tatis
1101 1648 1249 1713 cytheream
1260 1657 1326 1709 aqua
1336 1643 1444 1709 peperit.
1456 1643 1501 1693 aut
1517 1641 1639 1706 eyttreraa

1007 1741 1082 1792 talem
1094 1738 1302 1799 ettinritaquam,
1316 1746 1388 1785 suam
1396 1735 1480 1782 cutem
1489 1731 1584 1782 lavans.

1275 1872 1331 1920 609.
1345 1876 1457 1918 ALIUD.

978 2009 1118 2060 Gratiarum
1130 2007 1205 2056 home
1215 2003 1329 2054 balneum
1338 2000 1518 2052 oblectamenta
1528 2016 1535 2049 ε
1545 1999 1634 2050 etenim
1644 2000 1699 2049 illas

1009 2099 1075 2150 sulas
1087 2097 1154 2149 intus
1162 2093 1260 2160 nugari,
1274 2091 1384 2154 Gratias,
1394 2089 1460 2141 sinit.

1263 2242 1308 2285 669
1317 2237 1339 2282 ’.
1361 2243 1471 2286 attuli.

978 2371 1072 2419 lteram
1084 2365 1293 2418 mutinensium
1306 2363 1420 2414 balneum
1429 2361 1506 2412 hocca
1518 2383 1525 2414 ι
1539 2359 1665 2411 nonenim
1679 2359 1741 2410 aliua

1009 2459 1092 2524 plures
1102 2460 1185 2508 tenere
1197 2456 1243 2504 hoe
1252 2452 1332 2504 trihus
1344 2454 1426 2515 potest

1276 2591 1330 2635 610.
1354 2595 1459 2637 attuit.

980 2728 1058 2774 Parva
1065 2723 1165 2788 quidem
1174 2724 1307 2787 operahaec
1319 2719 1547 2780 sunt‚habentreru
1555 2719 1652 2770 ducam
1661 2718 1761 2770 odorem

1009 2819 1038 2865 ut
1053 2827 1107 2864 rusa
1117 2813 1143 2864 in
1151 2813 1243 2871 hortis,
1254 2815 1283 2863 ut
1293 2812 1357 2863 riola
1369 2811 1394 2861 in
1404 2811 1516 2863 calathis.

1277 2947 1332 2992 stt.
1354 2917 1462 2993 irruo.

980 3080 1008 3126 ln
1021 3089 1097 3141 parra
1109 3089 1196 3140 magna
1207 3076 1295 3126 hahreu
1307 3075 1397 3139 gratim
1412 3073 1456 3125 sed
1466 3073 1490 3124 iu
1500 3071 1625 3124 tenuiculo

1011 3165 1102 3214 liuento
1115 3164 1253 3214 lavantibus
1264 3162 1426 3219 dulcisadest
1438 3175 1514 3211 maor.

1278 3315 1333 3362 612.
1356 3320 1461 3361 authu.

979 3415 1193 3504 Quemadmodum
1199 3444 1274 3496 arhor
1283 3442 1514 3508 hreriageritdolia,
1521 3442 1763 3494 trahetrerudulucm

1011 3534 1046 3583 sic
1056 3533 1142 3584 balnea
1152 3534 1233 3584 haecce
1243 3547 1320 3599 parva
1331 3533 1445 3597 quidem,
1455 3531 1574 3583 sedeam.
1602 3554 1607 3562 ·
1637 3531 1761 3597 luderem,

1011 3811 1120 3874 Namque
1134 3808 1198 3857 intus
1210 3813 1315 3856 Veneres
1328 3807 1410 3856 ludere
1422 3803 1519 3873 lympha
1531 3807 1595 3857 sinit.

1298 3931 1334 3975 De
1350 3926 1441 3977 eodeni.

979 4046 1093 4095 Vindicat
1107 4045 1153 4095 hnc
1164 4056 1271 4110 stagnum
1287 4047 1374 4096 merito
1389 4044 1434 4095 sihi
1447 4045 1530 4095 Gratia
1542 4045 1630 4111 triplex
1644 4062 1651 4095 :

1012 4129 1108 4196 Quippe
1120 4128 1196 4179 tribus
1211 4130 1291 4195 plures
1302 4128 1353 4178 haec
1365 4145 1426 4194 aqua
1441 4130 1504 4178 lerre
1518 4139 1595 4194 negat.

1257 4267 1315 4313 θισ.
1333 4267 1369 4312 De
1383 4261 1473 4313 eodem.

979 4403 1018 4449 Est
1031 4416 1089 4466 opus
1104 4398 1150 4448 lroc
1164 4416 1212 4448 non
1224 4400 1311 4463 grande
1326 4399 1438 4464 quidem,
1449 4398 1490 4447 sed
1503 4398 1573 4447 dulce
1589 4399 1678 4460 rideri,

1013 4486 1047 4534 Ut
1060 4483 1122 4532 riola
1136 4483 1160 4531 in
1175 4480 1288 4541 calathis,
1302 4491 1328 4530 ut
1344 4497 1395 4529 rusa
1408 4481 1432 4529 in
1444 4480 1539 4530 areolis.

1261 4610 1291 4656 θι
1300 4624 1319 4658 ι.
1340 4611 1376 4659 De
1387 4605 1478 4658 eodem.

978 4736 1032 4782 Non
1048 4733 1099 4782 hac
1110 4748 1192 4796 magua
1204 4733 1299 4798 quidem
1314 4732 1354 4781 sed
1369 4732 1446 4782 dulcia
1460 4731 1561 4793 balnea,
1575 4731 1629 4780 lutis

1013 4821 1040 4864 ln
1055 4815 1121 4863 tenui
1136 4813 1233 4880 lympha
1247 4815 1346 4863 blandus
1357 4814 1462 4863 adimeret
1477 4829 1553 4863 aratur.

1257 4961 1315 5008 θνα.
1336 4964 1372 5008 De
1383 4957 1473 5007 codem.

955 5103 958 5151 t
979 5096 1072 5144 Fronde
1083 5095 1163 5160 aliqua
1178 5106 1212 5144 est
1227 5096 1307 5154 tenui,
1322 5097 1400 5145 inacta
1412 5096 1452 5144 sed
1464 5095 1571 5144 amabilis
1582 5093 1655 5144 arbor
1667 5111 1674 5143 r

955 5157 959 5210 l
1011 5178 1095 5227 Dulcia
1107 5177 1140 5227 sic
1151 5176 1201 5227 lraec
1215 5189 1269 5227 attnt
1282 5179 1381 5238 lialnea,
1393 5196 1464 5246 parra
1479 5179 1541 5228 licet.
