<?xml version="1.0" encoding="UTF-8"?>
<!DOCTYPE html PUBLIC "-//W3C//DTD XHTML 1.0 Transitional//EN"
    "http://www.w3.org/TR/xhtml1/DTD/xhtml1-transitional.dtd">
<html xmlns="http://www.w3.org/1999/xhtml" xml:lang="en" lang="en">
 <head>
  <title>
</title>
<meta http-equiv="Content-Type" content="text/html;charset=utf-8" />
  <meta name='ocr-system' content='tesseract 3.04.00' />
  <meta name='ocr-capabilities' content='ocr_page ocr_carea ocr_par ocr_line ocrx_word'/>
</head>
<body>
  <div class='ocr_page' id='page_1' title='image "./epigrammatumant01plangoog_0363.png"; bbox 0 0 3810 5910; ppageno 0'>
   <div class='ocr_carea' id='block_1_1' title="bbox 225 328 1268 397">
    <p class='ocr_par' dir='ltr' id='par_1_1' title="bbox 225 328 1268 397">
     <span class='ocr_line' id='line_1_1' title="bbox 225 328 1268 397; baseline 0 -1"><span class='ocrx_word' id='word_1_1' title='bbox 225 338 286 397; x_wconf 79' lang='lat'><strong>350</strong></span> <span class='ocrx_word' id='word_1_2' title='bbox 788 328 1043 396; x_wconf 75' lang='lat' dir='ltr'><strong>turuototttAE</strong></span> <span class='ocrx_word' id='word_1_3' title='bbox 1065 334 1268 396; x_wconf 77' lang='lat' dir='ltr'><strong>l&#39;ALATlNAE</strong></span> 
     </span>
    </p>
   </div>
   <div class='ocr_carea' id='block_1_2' title="bbox 172 465 942 812">
    <p class='ocr_par' dir='ltr' id='par_1_2' title="bbox 172 465 939 634">
     <span class='ocr_line' id='line_1_2' title="bbox 172 465 939 548; baseline -0.004 -21"><span class='ocrx_word' id='word_1_4' title='bbox 172 473 177 485; x_wconf 85' lang='grc'><strong>“</strong></span> <span class='ocrx_word' id='word_1_5' title='bbox 223 467 388 548; x_wconf 73' lang='grc' dir='ltr'>Ἀμφοτέρων</span> <span class='ocrx_word' id='word_1_6' title='bbox 405 467 520 538; x_wconf 79' lang='grc' dir='ltr'>τὰπάθη</span> <span class='ocrx_word' id='word_1_7' title='bbox 532 466 640 532; x_wconf 74' lang='grc' dir='ltr'>θάνατος</span> <span class='ocrx_word' id='word_1_8' title='bbox 653 465 699 525; x_wconf 80' lang='grc' dir='ltr'><strong>καλ</strong></span> <span class='ocrx_word' id='word_1_9' title='bbox 713 471 792 546; x_wconf 83' lang='grc' dir='ltr'>μοῖρα</span> <span class='ocrx_word' id='word_1_10' title='bbox 806 469 939 527; x_wconf 84' lang='grc' dir='ltr'>τέτυκται.</span> 
     </span>
     <span class='ocr_line' id='line_1_3' title="bbox 261 545 862 634; baseline 0.008 -24"><span class='ocrx_word' id='word_1_11' title='bbox 261 555 318 625; x_wconf 77' lang='grc' dir='ltr'><strong>Τὴν</strong></span> <span class='ocrx_word' id='word_1_12' title='bbox 331 545 374 612; x_wconf 71' lang='grc' dir='ltr'><strong>οὖν</strong></span> <span class='ocrx_word' id='word_1_13' title='bbox 385 557 573 633; x_wconf 75' lang='grc' dir='ltr'>γραμματικὴν</span> <span class='ocrx_word' id='word_1_14' title='bbox 587 560 633 612; x_wconf 85' lang='grc' dir='ltr'><strong>νῦν</strong></span> <span class='ocrx_word' id='word_1_15' title='bbox 647 555 721 630; x_wconf 93' lang='grc' dir='ltr'>μόλις</span> <span class='ocrx_word' id='word_1_16' title='bbox 733 555 862 634; x_wconf 79' lang='grc' dir='ltr'>έξέρυγον·</span> 
     </span>
    </p>

    <p class='ocr_par' dir='ltr' id='par_1_3' title="bbox 183 642 942 812">
     <span class='ocr_line' id='line_1_4' title="bbox 183 642 942 727; baseline 0 -25"><span class='ocrx_word' id='word_1_17' title='bbox 183 655 194 690; x_wconf 77' lang='lat'>⁶</span> <span class='ocrx_word' id='word_1_18' title='bbox 221 649 249 702; x_wconf 82' lang='grc' dir='ltr'><strong>οὐ</strong></span> <span class='ocrx_word' id='word_1_19' title='bbox 265 644 379 718; x_wconf 81' lang='grc' dir='ltr'>δύναμαι</span> <span class='ocrx_word' id='word_1_20' title='bbox 390 642 411 700; x_wconf 78' lang='grc' dir='ltr'><strong>δ’</strong></span> <span class='ocrx_word' id='word_1_21' title='bbox 431 645 528 724; x_wconf 77' lang='grc' dir='ltr'>ἀλόχου</span> <span class='ocrx_word' id='word_1_22' title='bbox 540 649 587 714; x_wconf 78' lang='grc' dir='ltr'><strong>τῆς</strong></span> <span class='ocrx_word' id='word_1_23' title='bbox 602 646 770 725; x_wconf 71' lang='grc' dir='ltr'>ἀνδρυμάχης</span> <span class='ocrx_word' id='word_1_24' title='bbox 786 649 942 727; x_wconf 77' lang='grc' dir='ltr'>ἀναχωρεῖν·</span> 
     </span>
     <span class='ocr_line' id='line_1_5' title="bbox 260 732 815 812; baseline 0.009 -21"><span class='ocrx_word' id='word_1_25' title='bbox 260 732 340 812; x_wconf 77' lang='grc' dir='ltr'>εἴργει</span> <span class='ocrx_word' id='word_1_26' title='bbox 351 733 402 811; x_wconf 73' lang='grc' dir='ltr'>γάρ</span> <span class='ocrx_word' id='word_1_27' title='bbox 416 734 516 812; x_wconf 80' lang='grc' dir='ltr'>χάρτης</span> <span class='ocrx_word' id='word_1_28' title='bbox 530 734 576 791; x_wconf 83' lang='grc' dir='ltr'><strong>καλ</strong></span> <span class='ocrx_word' id='word_1_29' title='bbox 591 733 667 808; x_wconf 83' lang='grc' dir='ltr'>νόμος</span> <span class='ocrx_word' id='word_1_30' title='bbox 679 735 815 802; x_wconf 74' lang='grc' dir='ltr'>Αὐσόνιος.</span> 
     </span>
    </p>
   </div>
   <div class='ocr_carea' id='block_1_3' title="bbox 335 858 901 928">
    <p class='ocr_par' dir='ltr' id='par_1_4' title="bbox 335 858 901 928">
     <span class='ocr_line' id='line_1_6' title="bbox 335 858 901 928; baseline 0.004 -4"><span class='ocrx_word' id='word_1_31' title='bbox 335 875 402 925; x_wconf 72' lang='lat'><strong>329.</strong></span> <span class='ocrx_word' id='word_1_32' title='bbox 428 866 597 926; x_wconf 84' lang='grc' dir='ltr'><strong>ΑΓΑΘΙΟΥ</strong></span> <span class='ocrx_word' id='word_1_33' title='bbox 619 858 901 928; x_wconf 77' lang='grc' dir='ltr'><strong>ΣΧΟΛΑΣΤΙΚΟΥ.</strong></span> 
     </span>
    </p>
   </div>
   <div class='ocr_carea' id='block_1_4' title="bbox 81 1006 934 1528">
    <p class='ocr_par' dir='ltr' id='par_1_5' title="bbox 81 1006 934 1528">
     <span class='ocr_line' id='line_1_7' title="bbox 220 1006 820 1082; baseline -0.002 -15"><span class='ocrx_word' id='word_1_34' title='bbox 220 1006 259 1067; x_wconf 82' lang='grc' dir='ltr'><strong>Οὔ</strong></span> <span class='ocrx_word' id='word_1_35' title='bbox 274 1032 311 1072; x_wconf 87' lang='grc' dir='ltr'><strong>τις</strong></span> <span class='ocrx_word' id='word_1_36' title='bbox 325 1010 483 1082; x_wconf 83' lang='grc' dir='ltr'>οὶλοιητῆρας</span> <span class='ocrx_word' id='word_1_37' title='bbox 495 1008 558 1065; x_wconf 75' lang='grc' dir='ltr'>ἰδεῖν</span> <span class='ocrx_word' id='word_1_38' title='bbox 573 1006 698 1079; x_wconf 81' lang='grc' dir='ltr'>τέτληκεν</span> <span class='ocrx_word' id='word_1_39' title='bbox 713 1007 820 1073; x_wconf 81' lang='grc' dir='ltr'>ὀδόντας</span> 
     </span>
     <span class='ocr_line' id='line_1_8' title="bbox 259 1094 842 1176; baseline 0.009 -24"><span class='ocrx_word' id='word_1_40' title='bbox 259 1096 412 1173; x_wconf 78' lang='grc' dir='ltr'>ὑμετέρους,</span> <span class='ocrx_word' id='word_1_41' title='bbox 425 1094 468 1152; x_wconf 74' lang='grc' dir='ltr'><strong>ἵνα</strong></span> <span class='ocrx_word' id='word_1_42' title='bbox 483 1103 537 1162; x_wconf 88' lang='grc' dir='ltr'>σοῖς</span> <span class='ocrx_word' id='word_1_43' title='bbox 552 1096 579 1154; x_wconf 80' lang='grc' dir='ltr'><strong>έν</strong></span> <span class='ocrx_word' id='word_1_44' title='bbox 592 1097 715 1176; x_wconf 72' lang='grc' dir='ltr'>μεγάροις</span> <span class='ocrx_word' id='word_1_45' title='bbox 728 1098 842 1176; x_wconf 79' lang='grc' dir='ltr'>πελάσῃ·</span> 
     </span>
     <span class='ocr_line' id='line_1_9' title="bbox 220 1181 934 1265; baseline 0.008 -26"><span class='ocrx_word' id='word_1_46' title='bbox 220 1183 242 1240; x_wconf 80' lang='grc' dir='ltr'><strong>εἰ</strong></span> <span class='ocrx_word' id='word_1_47' title='bbox 254 1181 306 1260; x_wconf 68' lang='grc' dir='ltr'>γὰρ</span> <span class='ocrx_word' id='word_1_48' title='bbox 320 1184 360 1241; x_wconf 74' lang='grc' dir='ltr'><strong>ἀεὶ</strong></span> <span class='ocrx_word' id='word_1_49' title='bbox 376 1182 540 1263; x_wconf 74' lang='grc' dir='ltr'>βούόρωστιν</span> <span class='ocrx_word' id='word_1_50' title='bbox 555 1182 623 1263; x_wconf 77' lang='grc' dir='ltr'>έχεις</span> <span class='ocrx_word' id='word_1_51' title='bbox 639 1184 824 1265; x_wconf 72' lang='grc' dir='ltr'>Ἐρυσίχθονος</span> <span class='ocrx_word' id='word_1_52' title='bbox 837 1186 934 1265; x_wconf 78' lang='grc' dir='ltr'>αὐτοῦ,</span> 
     </span>
     <span class='ocr_line' id='line_1_10' title="bbox 81 1270 856 1352; baseline 0.012 -26"><span class='ocrx_word' id='word_1_53' title='bbox 81 1332 86 1341; x_wconf 35' lang='grc' dir='ltr'><strong><em>Ι</em></strong></span> <span class='ocrx_word' id='word_1_54' title='bbox 258 1270 302 1328; x_wconf 86' lang='grc' dir='ltr'><strong>ναὶ</strong></span> <span class='ocrx_word' id='word_1_55' title='bbox 318 1272 387 1351; x_wconf 84' lang='grc' dir='ltr'>τάχα</span> <span class='ocrx_word' id='word_1_56' title='bbox 404 1271 545 1352; x_wconf 68' lang='grc' dir='ltr'>δαρδάψεις</span> <span class='ocrx_word' id='word_1_57' title='bbox 558 1274 603 1331; x_wconf 77' lang='grc' dir='ltr'>καὶ</span> <span class='ocrx_word' id='word_1_58' title='bbox 615 1272 689 1352; x_wconf 82' lang='grc' dir='ltr'>φίλον</span> <span class='ocrx_word' id='word_1_59' title='bbox 700 1271 730 1332; x_wconf 76' lang='grc' dir='ltr'><strong>όν</strong></span> <span class='ocrx_word' id='word_1_60' title='bbox 744 1274 856 1343; x_wconf 87' lang='grc' dir='ltr'>καλέιις.</span> 
     </span>
     <span class='ocr_line' id='line_1_11' title="bbox 178 1357 901 1440; baseline 0.004 -22"><span class='ocrx_word' id='word_1_61' title='bbox 178 1372 191 1408; x_wconf 76' lang='lat'><strong>⁶</strong></span> <span class='ocrx_word' id='word_1_62' title='bbox 220 1357 288 1418; x_wconf 81' lang='grc' dir='ltr'>Ἀλλ’</span> <span class='ocrx_word' id='word_1_63' title='bbox 299 1360 328 1417; x_wconf 83' lang='grc' dir='ltr'><strong>οὐ</strong></span> <span class='ocrx_word' id='word_1_64' title='bbox 340 1365 395 1417; x_wconf 79' lang='lat' dir='ltr'><strong>ceto</strong></span> <span class='ocrx_word' id='word_1_65' title='bbox 410 1360 529 1438; x_wconf 73' lang='grc' dir='ltr'>μέλαθρά</span> <span class='ocrx_word' id='word_1_66' title='bbox 544 1381 578 1436; x_wconf 84' lang='grc' dir='ltr'><strong>με</strong></span> <span class='ocrx_word' id='word_1_67' title='bbox 589 1359 700 1428; x_wconf 77' lang='grc' dir='ltr'>δέξεται·</span> <span class='ocrx_word' id='word_1_68' title='bbox 712 1363 742 1419; x_wconf 82' lang='grc' dir='ltr'><strong>ού</strong></span> <span class='ocrx_word' id='word_1_69' title='bbox 756 1364 807 1440; x_wconf 74' lang='grc' dir='ltr'>γὰρ</span> <span class='ocrx_word' id='word_1_70' title='bbox 819 1361 901 1440; x_wconf 73' lang='grc' dir='ltr'>ἔγωγε</span> 
     </span>
     <span class='ocr_line' id='line_1_12' title="bbox 258 1446 815 1528; baseline 0.011 -24"><span class='ocrx_word' id='word_1_71' title='bbox 258 1446 379 1524; x_wconf 75' lang='grc' dir='ltr'>βήσομαι</span> <span class='ocrx_word' id='word_1_72' title='bbox 394 1447 509 1528; x_wconf 75' lang='grc' dir='ltr'>ὑμετέρῃ</span> <span class='ocrx_word' id='word_1_73' title='bbox 521 1448 618 1528; x_wconf 68' lang='grc' dir='ltr'>γαστρὶ</span> <span class='ocrx_word' id='word_1_74' title='bbox 630 1448 815 1528; x_wconf 78' lang='grc' dir='ltr'>φυλαξάμενος.</span> 
     </span>
    </p>
   </div>
   <div class='ocr_carea' id='block_1_5' title="bbox 219 1527 986 1614">
    <p class='ocr_par' dir='ltr' id='par_1_6' title="bbox 219 1527 986 1614">
     <span class='ocr_line' id='line_1_13' title="bbox 219 1527 986 1614; baseline 0.005 -21"><span class='ocrx_word' id='word_1_75' title='bbox 219 1535 252 1593; x_wconf 84' lang='lat' dir='ltr'><strong>El</strong></span> <span class='ocrx_word' id='word_1_76' title='bbox 267 1533 295 1593; x_wconf 81' lang='grc' dir='ltr'><strong>δέ</strong></span> <span class='ocrx_word' id='word_1_77' title='bbox 309 1539 368 1593; x_wconf 83' lang='grc' dir='ltr'>ποτ’</span> <span class='ocrx_word' id='word_1_78' title='bbox 384 1538 409 1602; x_wconf 80' lang='grc' dir='ltr'><strong>ἐς</strong></span> <span class='ocrx_word' id='word_1_79' title='bbox 424 1530 481 1594; x_wconf 69' lang='grc' dir='ltr'>τεὸν</span> <span class='ocrx_word' id='word_1_80' title='bbox 497 1527 566 1596; x_wconf 81' lang='grc' dir='ltr'>οἶκον</span> <span class='ocrx_word' id='word_1_81' title='bbox 581 1537 738 1614; x_wconf 76' lang='grc' dir='ltr'>ἐλεύσομαι,</span> <span class='ocrx_word' id='word_1_82' title='bbox 753 1539 782 1596; x_wconf 84' lang='grc' dir='ltr'><strong>οὐ</strong></span> <span class='ocrx_word' id='word_1_83' title='bbox 798 1538 858 1614; x_wconf 85' lang='grc' dir='ltr'>μέγ’</span> <span class='ocrx_word' id='word_1_84' title='bbox 874 1537 986 1597; x_wconf 80' lang='grc' dir='ltr'>ἄνυσσεν</span> 
     </span>
    </p>
   </div>
   <div class='ocr_carea' id='block_1_6' title="bbox 257 1621 840 1705">
    <p class='ocr_par' dir='ltr' id='par_1_7' title="bbox 257 1621 840 1705">
     <span class='ocr_line' id='line_1_14' title="bbox 257 1621 840 1705; baseline 0.005 -23"><span class='ocrx_word' id='word_1_85' title='bbox 257 1624 407 1702; x_wconf 71' lang='grc' dir='ltr'>Λαρτιάόης</span> <span class='ocrx_word' id='word_1_86' title='bbox 422 1621 543 1693; x_wconf 81' lang='grc' dir='ltr'>Σκύλλης</span> <span class='ocrx_word' id='word_1_87' title='bbox 554 1623 692 1705; x_wconf 77' lang='grc' dir='ltr'>χάσμασιν</span> <span class='ocrx_word' id='word_1_88' title='bbox 707 1625 840 1692; x_wconf 77' lang='grc' dir='ltr'>ἀντιάσας·</span> 
     </span>
    </p>
   </div>
   <div class='ocr_carea' id='block_1_7' title="bbox 219 1710 986 1794">
    <p class='ocr_par' dir='ltr' id='par_1_8' title="bbox 219 1710 986 1794">
     <span class='ocr_line' id='line_1_15' title="bbox 219 1710 986 1794; baseline 0.007 -26"><span class='ocrx_word' id='word_1_89' title='bbox 219 1710 278 1768; x_wconf 76' lang='grc' dir='ltr'>ἀλλ’</span> <span class='ocrx_word' id='word_1_90' title='bbox 293 1710 387 1786; x_wconf 82' lang='grc' dir='ltr'>ἔσομαι</span> <span class='ocrx_word' id='word_1_91' title='bbox 399 1710 531 1780; x_wconf 82' lang='grc' dir='ltr'>πολύτλας</span> <span class='ocrx_word' id='word_1_92' title='bbox 543 1736 583 1780; x_wconf 86' lang='grc' dir='ltr'><strong>τις</strong></span> <span class='ocrx_word' id='word_1_93' title='bbox 597 1713 649 1792; x_wconf 75' lang='grc' dir='ltr'><strong>ἐγὼ</strong></span> <span class='ocrx_word' id='word_1_94' title='bbox 664 1713 761 1789; x_wconf 85' lang='grc' dir='ltr'>πλέον,</span> <span class='ocrx_word' id='word_1_95' title='bbox 778 1716 800 1771; x_wconf 86' lang='lat' dir='ltr'><strong>al</strong></span> <span class='ocrx_word' id='word_1_96' title='bbox 814 1713 844 1774; x_wconf 80' lang='lat' dir='ltr'><strong>oi</strong></span> <span class='ocrx_word' id='word_1_97' title='bbox 861 1715 986 1794; x_wconf 71' lang='grc' dir='ltr'>περήσω,</span> 
     </span>
    </p>
   </div>
   <div class='ocr_carea' id='block_1_8' title="bbox 165 1799 851 2007">
    <p class='ocr_par' dir='ltr' id='par_1_9' title="bbox 165 1799 851 2007">
     <span class='ocr_line' id='line_1_16' title="bbox 165 1799 819 1883; baseline 0.003 -24"><span class='ocrx_word' id='word_1_98' title='bbox 165 1811 188 1850; x_wconf 78' lang='lat'><strong>¹⁰</strong></span> <span class='ocrx_word' id='word_1_99' title='bbox 260 1799 405 1867; x_wconf 87' lang='grc' dir='ltr'>Κύκλωπος</span> <span class='ocrx_word' id='word_1_100' title='bbox 416 1807 525 1880; x_wconf 76' lang='grc' dir='ltr'>κρυεροῦ</span> <span class='ocrx_word' id='word_1_101' title='bbox 541 1801 622 1879; x_wconf 69' lang='grc' dir='ltr'>μηδὲν</span> <span class='ocrx_word' id='word_1_102' title='bbox 637 1803 819 1883; x_wconf 74' lang='grc' dir='ltr'>ἐλαφρότερον.</span> 
     </span>
     <span class='ocr_line' id='line_1_17' title="bbox 369 1934 851 2007; baseline 0.008 -4"><span class='ocrx_word' id='word_1_103' title='bbox 369 1952 437 2004; x_wconf 83' lang='lat' dir='ltr'><strong>aso.</strong></span> <span class='ocrx_word' id='word_1_104' title='bbox 462 1934 713 2005; x_wconf 76' lang='lat' dir='ltr'><strong>uthuaoruot</strong></span> <span class='ocrx_word' id='word_1_105' title='bbox 735 1942 851 2007; x_wconf 73' lang='lat' dir='ltr'><strong>titur.</strong></span> 
     </span>
    </p>
   </div>
   <div class='ocr_carea' id='block_1_9' title="bbox 213 2076 922 2602">
    <p class='ocr_par' dir='ltr' id='par_1_10' title="bbox 217 2076 917 2248">
     <span class='ocr_line' id='line_1_18' title="bbox 217 2076 917 2159; baseline 0.009 -24"><span class='ocrx_word' id='word_1_106' title='bbox 217 2076 347 2154; x_wconf 80' lang='grc' dir='ltr'>Παρθένος</span> <span class='ocrx_word' id='word_1_107' title='bbox 363 2079 520 2157; x_wconf 76' lang='grc' dir='ltr'>εὐπατέρεια</span> <span class='ocrx_word' id='word_1_108' title='bbox 535 2079 619 2150; x_wconf 74' lang='grc' dir='ltr'>Δίκη,</span> <span class='ocrx_word' id='word_1_109' title='bbox 630 2078 775 2159; x_wconf 79' lang='grc' dir='ltr'>πρέούειρα</span> <span class='ocrx_word' id='word_1_110' title='bbox 792 2082 917 2154; x_wconf 88' lang='grc' dir='ltr'>πολήων,</span> 
     </span>
     <span class='ocr_line' id='line_1_19' title="bbox 256 2165 833 2248; baseline 0.003 -25"><span class='ocrx_word' id='word_1_111' title='bbox 256 2166 285 2223; x_wconf 86' lang='grc' dir='ltr'><strong>οὐ</strong></span> <span class='ocrx_word' id='word_1_112' title='bbox 300 2165 344 2223; x_wconf 81' lang='grc' dir='ltr'><strong>τὸν</strong></span> <span class='ocrx_word' id='word_1_113' title='bbox 360 2168 387 2223; x_wconf 81' lang='grc' dir='ltr'><strong>έν</strong></span> <span class='ocrx_word' id='word_1_114' title='bbox 402 2166 506 2244; x_wconf 62' lang='lat' dir='ltr'><strong>choadis]</strong></span> <span class='ocrx_word' id='word_1_115' title='bbox 516 2167 614 2247; x_wconf 72' lang='grc' dir='ltr'>χρυσὸν</span> <span class='ocrx_word' id='word_1_116' title='bbox 631 2168 833 2248; x_wconf 77' lang='grc' dir='ltr'>ἀποστρέφεται·</span> 
     </span>
    </p>

    <p class='ocr_par' dir='ltr' id='par_1_11' title="bbox 214 2252 922 2424">
     <span class='ocr_line' id='line_1_20' title="bbox 214 2252 922 2342; baseline 0.007 -31"><span class='ocrx_word' id='word_1_117' title='bbox 214 2252 282 2312; x_wconf 73' lang='grc' dir='ltr'>ἀλλὰ</span> <span class='ocrx_word' id='word_1_118' title='bbox 297 2256 342 2313; x_wconf 82' lang='grc' dir='ltr'>καὶ</span> <span class='ocrx_word' id='word_1_119' title='bbox 354 2254 422 2313; x_wconf 72' lang='grc' dir='ltr'>αὐτὰ</span> <span class='ocrx_word' id='word_1_120' title='bbox 439 2257 556 2315; x_wconf 88' lang='grc' dir='ltr'>τάλαντα</span> <span class='ocrx_word' id='word_1_121' title='bbox 572 2257 632 2323; x_wconf 82' lang='grc' dir='ltr'>Διὸς</span> <span class='ocrx_word' id='word_1_122' title='bbox 646 2257 790 2342; x_wconf 73' lang='grc' dir='ltr'>πάγχρνσα</span> <span class='ocrx_word' id='word_1_123' title='bbox 802 2257 922 2329; x_wconf 72' lang='grc' dir='ltr'>τελέσθη,</span> 
     </span>
     <span class='ocr_line' id='line_1_21' title="bbox 253 2331 781 2424; baseline 0.009 -23"><span class='ocrx_word' id='word_1_124' title='bbox 253 2331 304 2402; x_wconf 78' lang='grc' dir='ltr'>οἷσι</span> <span class='ocrx_word' id='word_1_125' title='bbox 319 2345 472 2403; x_wconf 85' lang='grc' dir='ltr'>ταλαντεύει</span> <span class='ocrx_word' id='word_1_126' title='bbox 486 2346 573 2403; x_wconf 86' lang='grc' dir='ltr'>πάντα</span> <span class='ocrx_word' id='word_1_127' title='bbox 589 2346 668 2422; x_wconf 87' lang='grc' dir='ltr'>νόμον</span> <span class='ocrx_word' id='word_1_128' title='bbox 685 2345 781 2424; x_wconf 84' lang='grc' dir='ltr'>βιότου·</span> 
     </span>
    </p>

    <p class='ocr_par' dir='ltr' id='par_1_12' title="bbox 213 2430 915 2602">
     <span class='ocr_line' id='line_1_22' title="bbox 213 2430 915 2512; baseline 0.007 -24"><span class='ocrx_word' id='word_1_129' title='bbox 213 2459 225 2481; x_wconf 78' lang='grc' dir='ltr'>ι</span> <span class='ocrx_word' id='word_1_130' title='bbox 240 2430 285 2489; x_wconf 84' lang='grc' dir='ltr'><strong>καλ</strong></span> <span class='ocrx_word' id='word_1_131' title='bbox 294 2431 353 2491; x_wconf 85' lang='grc' dir='ltr'>τότε</span> <span class='ocrx_word' id='word_1_132' title='bbox 365 2432 397 2503; x_wconf 79' lang='grc' dir='ltr'><strong>δὴ</strong></span> <span class='ocrx_word' id='word_1_133' title='bbox 413 2434 523 2512; x_wconf 83' lang='grc' dir='ltr'>χρύσεια</span> <span class='ocrx_word' id='word_1_134' title='bbox 536 2434 625 2512; x_wconf 81' lang='grc' dir='ltr'>πατὴρ</span> <span class='ocrx_word' id='word_1_135' title='bbox 638 2434 748 2494; x_wconf 69' lang='grc' dir='ltr'>ἐτίταινε</span> <span class='ocrx_word' id='word_1_136' title='bbox 762 2435 878 2493; x_wconf 83' lang='grc' dir='ltr'>τάλαντα</span> <span class='ocrx_word' id='word_1_137' title='bbox 893 2459 915 2505; x_wconf 75' lang='lat' dir='ltr'><strong>a,</strong></span> 
     </span>
     <span class='ocr_line' id='line_1_23' title="bbox 252 2517 783 2602; baseline 0.006 -25"><span class='ocrx_word' id='word_1_138' title='bbox 252 2522 274 2577; x_wconf 84' lang='grc' dir='ltr'><strong>εἰ</strong></span> <span class='ocrx_word' id='word_1_139' title='bbox 289 2517 327 2596; x_wconf 73' lang='grc' dir='ltr'>μὴ</span> <span class='ocrx_word' id='word_1_140' title='bbox 341 2518 499 2600; x_wconf 78' lang='grc' dir='ltr'>Ὁμηρείων</span> <span class='ocrx_word' id='word_1_141' title='bbox 518 2521 639 2589; x_wconf 76' lang='grc' dir='ltr'>ι’ξελάθου</span> <span class='ocrx_word' id='word_1_142' title='bbox 656 2521 783 2602; x_wconf 77' lang='grc' dir='ltr'>χαρίτων.</span> 
     </span>
    </p>
   </div>
   <div class='ocr_carea' id='block_1_10' title="bbox 462 2652 747 2719">
    <p class='ocr_par' dir='ltr' id='par_1_13' title="bbox 462 2652 747 2719">
     <span class='ocr_line' id='line_1_24' title="bbox 462 2652 747 2719; baseline 0.004 -1"><span class='ocrx_word' id='word_1_143' title='bbox 462 2668 530 2718; x_wconf 80' lang='lat' dir='ltr'><strong>aar.</strong></span> <span class='ocrx_word' id='word_1_144' title='bbox 554 2652 747 2719; x_wconf 71' lang='lat' dir='ltr'><strong>ninutas.</strong></span> 
     </span>
    </p>
   </div>
   <div class='ocr_carea' id='block_1_11' title="bbox 214 2796 942 2969">
    <p class='ocr_par' dir='ltr' id='par_1_14' title="bbox 214 2796 942 2969">
     <span class='ocr_line' id='line_1_25' title="bbox 214 2796 942 2880; baseline 0.004 -24"><span class='ocrx_word' id='word_1_145' title='bbox 214 2799 294 2856; x_wconf 78' lang='grc' dir='ltr'>Πᾶσα</span> <span class='ocrx_word' id='word_1_146' title='bbox 309 2796 372 2876; x_wconf 72' lang='grc' dir='ltr'>γυνὴ</span> <span class='ocrx_word' id='word_1_147' title='bbox 387 2798 464 2878; x_wconf 83' lang='grc' dir='ltr'>χόλος</span> <span class='ocrx_word' id='word_1_148' title='bbox 480 2799 558 2860; x_wconf 84' lang='grc' dir='ltr'>έστίν·</span> <span class='ocrx_word' id='word_1_149' title='bbox 573 2799 628 2879; x_wconf 87' lang='grc' dir='ltr'>ἔχει</span> <span class='ocrx_word' id='word_1_150' title='bbox 644 2802 668 2858; x_wconf 85' lang='grc' dir='ltr'><strong>δ’</strong></span> <span class='ocrx_word' id='word_1_151' title='bbox 682 2797 782 2877; x_wconf 74' lang='grc' dir='ltr'>ἀγαθάς</span> <span class='ocrx_word' id='word_1_152' title='bbox 794 2800 847 2859; x_wconf 88' lang='grc' dir='ltr'><strong>δύω</strong></span> <span class='ocrx_word' id='word_1_153' title='bbox 860 2798 942 2880; x_wconf 79' lang='grc' dir='ltr'>ὥρας,</span> 
     </span>
     <span class='ocr_line' id='line_1_26' title="bbox 251 2885 866 2969; baseline 0.005 -26"><span class='ocrx_word' id='word_1_154' title='bbox 251 2885 298 2956; x_wconf 77' lang='grc' dir='ltr'><strong>τὴν</strong></span> <span class='ocrx_word' id='word_1_155' title='bbox 313 2887 375 2962; x_wconf 81' lang='grc' dir='ltr'>μίαν</span> <span class='ocrx_word' id='word_1_156' title='bbox 391 2890 417 2945; x_wconf 79' lang='grc' dir='ltr'><strong>ἐν</strong></span> <span class='ocrx_word' id='word_1_157' title='bbox 432 2888 560 2969; x_wconf 78' lang='grc' dir='ltr'>θαλάμῳ,</span> <span class='ocrx_word' id='word_1_158' title='bbox 575 2891 622 2959; x_wconf 78' lang='grc' dir='ltr'>τ’λν</span> <span class='ocrx_word' id='word_1_159' title='bbox 639 2889 702 2966; x_wconf 84' lang='grc' dir='ltr'>μίαν</span> <span class='ocrx_word' id='word_1_160' title='bbox 714 2892 741 2948; x_wconf 77' lang='grc' dir='ltr'><strong>ἐν</strong></span> <span class='ocrx_word' id='word_1_161' title='bbox 755 2889 866 2969; x_wconf 82' lang='grc' dir='ltr'>θανάτῳ.</span> 
     </span>
    </p>
   </div>
   <div class='ocr_carea' id='block_1_12' title="bbox 316 3022 887 3083">
    <p class='ocr_par' dir='ltr' id='par_1_15' title="bbox 316 3022 887 3083">
     <span class='ocr_line' id='line_1_27' title="bbox 316 3022 887 3083; baseline 0.005 -4"><span class='ocrx_word' id='word_1_162' title='bbox 316 3031 385 3081; x_wconf 77' lang='grc'>382.</span> <span class='ocrx_word' id='word_1_163' title='bbox 411 3022 458 3079; x_wconf 83' lang='grc' dir='ltr'><strong>ΑΓ</strong></span> <span class='ocrx_word' id='word_1_164' title='bbox 460 3022 577 3081; x_wconf 74' lang='grc' dir='ltr'><strong>ΑΘΙΟΥ</strong></span> <span class='ocrx_word' id='word_1_165' title='bbox 600 3022 887 3083; x_wconf 75' lang='grc' dir='ltr'><strong>ΣΧΟΛΑΣΤΙΚΟΥ.</strong></span> 
     </span>
    </p>
   </div>
   <div class='ocr_carea' id='block_1_13' title="bbox 169 3157 932 3591">
    <p class='ocr_par' dir='ltr' id='par_1_16' title="bbox 169 3157 932 3591">
     <span class='ocr_line' id='line_1_28' title="bbox 212 3157 918 3240; baseline 0.001 -23"><span class='ocrx_word' id='word_1_166' title='bbox 212 3159 292 3217; x_wconf 80' lang='grc' dir='ltr'>Κεῖτο</span> <span class='ocrx_word' id='word_1_167' title='bbox 306 3161 354 3234; x_wconf 82' lang='grc' dir='ltr'><strong>μὲν</strong></span> <span class='ocrx_word' id='word_1_168' title='bbox 368 3157 521 3234; x_wconf 80' lang='grc' dir='ltr'>Ἀλκιμένης</span> <span class='ocrx_word' id='word_1_169' title='bbox 538 3159 721 3234; x_wconf 81' lang='grc' dir='ltr'>κεκακωμένος</span> <span class='ocrx_word' id='word_1_170' title='bbox 735 3163 765 3217; x_wconf 81' lang='grc' dir='ltr'><strong>ἐκ</strong></span> <span class='ocrx_word' id='word_1_171' title='bbox 781 3167 918 3240; x_wconf 79' lang='grc' dir='ltr'>πυρετοῐο,</span> 
     </span>
     <span class='ocr_line' id='line_1_29' title="bbox 251 3246 832 3326; baseline 0.007 -25"><span class='ocrx_word' id='word_1_172' title='bbox 251 3246 295 3302; x_wconf 83' lang='grc' dir='ltr'>καὶ</span> <span class='ocrx_word' id='word_1_173' title='bbox 307 3246 366 3325; x_wconf 82' lang='grc' dir='ltr'>περὶ</span> <span class='ocrx_word' id='word_1_174' title='bbox 381 3248 524 3318; x_wconf 83' lang='grc' dir='ltr'>λαυκανίην</span> <span class='ocrx_word' id='word_1_175' title='bbox 539 3248 644 3326; x_wconf 78' lang='grc' dir='ltr'>βραγχὰ</span> <span class='ocrx_word' id='word_1_176' title='bbox 660 3247 832 3326; x_wconf 77' lang='grc' dir='ltr'>λαρυγχιόων,</span> 
     </span>
     <span class='ocr_line' id='line_1_30' title="bbox 211 3334 932 3416; baseline 0.004 -27"><span class='ocrx_word' id='word_1_177' title='bbox 211 3334 364 3407; x_wconf 87' lang='grc' dir='ltr'>νυσσόμενός</span> <span class='ocrx_word' id='word_1_178' title='bbox 379 3359 407 3393; x_wconf 89' lang='grc' dir='ltr'><strong>τε</strong></span> <span class='ocrx_word' id='word_1_179' title='bbox 422 3337 451 3393; x_wconf 85' lang='grc' dir='ltr'><strong>τὸ</strong></span> <span class='ocrx_word' id='word_1_180' title='bbox 466 3338 576 3415; x_wconf 85' lang='grc' dir='ltr'>πλευρὸν</span> <span class='ocrx_word' id='word_1_181' title='bbox 594 3337 639 3393; x_wconf 83' lang='grc' dir='ltr'><strong>ἅτε</strong></span> <span class='ocrx_word' id='word_1_182' title='bbox 654 3335 782 3414; x_wconf 65' lang='grc' dir='ltr'>ξιφέεσσιν</span> <span class='ocrx_word' id='word_1_183' title='bbox 799 3336 932 3416; x_wconf 73' lang='grc' dir='ltr'>άμυχύέν,</span> 
     </span>
     <span class='ocr_line' id='line_1_31' title="bbox 251 3422 876 3498; baseline 0.008 -21"><span class='ocrx_word' id='word_1_184' title='bbox 251 3422 295 3478; x_wconf 80' lang='grc' dir='ltr'>καὶ</span> <span class='ocrx_word' id='word_1_185' title='bbox 311 3424 381 3498; x_wconf 71' lang='grc' dir='ltr'>θαμά</span> <span class='ocrx_word' id='word_1_186' title='bbox 394 3424 562 3486; x_wconf 83' lang='grc' dir='ltr'>δυσκελάδοις</span> <span class='ocrx_word' id='word_1_187' title='bbox 575 3424 692 3498; x_wconf 83' lang='grc' dir='ltr'>άσθμαοι</span> <span class='ocrx_word' id='word_1_188' title='bbox 708 3425 876 3483; x_wconf 83' lang='grc' dir='ltr'>πνευστιόων·</span> 
     </span>
     <span class='ocr_line' id='line_1_32' title="bbox 169 3502 900 3591; baseline 0.007 -25"><span class='ocrx_word' id='word_1_189' title='bbox 169 3540 182 3578; x_wconf 73' lang='grc' dir='ltr'><strong>ς</strong></span> <span class='ocrx_word' id='word_1_190' title='bbox 210 3502 272 3580; x_wconf 71' lang='grc' dir='ltr'>ἦλθε</span> <span class='ocrx_word' id='word_1_191' title='bbox 288 3510 314 3568; x_wconf 80' lang='grc' dir='ltr'><strong>δὲ</strong></span> <span class='ocrx_word' id='word_1_192' title='bbox 332 3512 539 3587; x_wconf 83' lang='grc' dir='ltr'>Καλλέγνωτοςὸ</span> <span class='ocrx_word' id='word_1_193' title='bbox 555 3513 656 3583; x_wconf 84' lang='grc' dir='ltr'>Κώϊος,</span> <span class='ocrx_word' id='word_1_194' title='bbox 672 3517 686 3570; x_wconf 83' lang='grc' dir='ltr'>ό</span> <span class='ocrx_word' id='word_1_195' title='bbox 701 3513 900 3591; x_wconf 84' lang='grc' dir='ltr'>πλατυλέσχης,</span> 
     </span>
    </p>
   </div>
   <div class='ocr_carea' id='block_1_14' title="bbox 224 3629 565 3642">
    <p class='ocr_par' dir='ltr' id='par_1_17' title="bbox 224 3629 565 3642">
     <span class='ocr_line' id='line_1_33' title="bbox 224 3629 565 3642; baseline 0.006 -3"><span class='ocrx_word' id='word_1_196' title='bbox 224 3629 565 3642; x_wconf 49' lang='lat' dir='ltr'><strong>—n-</strong></span> 
     </span>
    </p>
   </div>
   <div class='ocr_carea' id='block_1_15' title="bbox 209 3678 980 3748">
    <p class='ocr_par' dir='ltr' id='par_1_18' title="bbox 209 3678 980 3748">
     <span class='ocr_line' id='line_1_34' title="bbox 209 3678 980 3748; baseline 0.008 -21"><span class='ocrx_word' id='word_1_197' title='bbox 209 3681 272 3728; x_wconf 85' lang='lat' dir='ltr'><strong>llinc</strong></span> <span class='ocrx_word' id='word_1_198' title='bbox 285 3682 410 3745; x_wconf 71' lang='lat' dir='ltr'><strong>malaque</strong></span> <span class='ocrx_word' id='word_1_199' title='bbox 423 3678 510 3746; x_wconf 86' lang='lat' dir='ltr'><strong>patior,</strong></span> <span class='ocrx_word' id='word_1_200' title='bbox 523 3698 586 3730; x_wconf 89' lang='lat' dir='ltr'><strong>mors</strong></span> <span class='ocrx_word' id='word_1_201' title='bbox 597 3692 653 3730; x_wconf 87' lang='lat' dir='ltr'><strong>sunt</strong></span> <span class='ocrx_word' id='word_1_202' title='bbox 665 3698 744 3744; x_wconf 80' lang='lat' dir='ltr'><strong>incra,</strong></span> <span class='ocrx_word' id='word_1_203' title='bbox 757 3682 824 3731; x_wconf 85' lang='lat' dir='ltr'><strong>triste</strong></span> <span class='ocrx_word' id='word_1_204' title='bbox 836 3680 980 3748; x_wconf 82' lang='lat' dir='ltr'><strong>sepulcrum.</strong></span> 
     </span>
    </p>
   </div>
   <div class='ocr_carea' id='block_1_16' title="bbox 202 3765 884 5257">
    <p class='ocr_par' dir='ltr' id='par_1_19' title="bbox 202 3765 884 5257">
     <span class='ocr_line' id='line_1_35' title="bbox 239 3765 774 3831; baseline 0.002 -18"><span class='ocrx_word' id='word_1_205' title='bbox 239 3765 401 3813; x_wconf 78' lang='lat' dir='ltr'><strong>Grammatico</strong></span> <span class='ocrx_word' id='word_1_206' title='bbox 414 3765 509 3812; x_wconf 80' lang='lat' dir='ltr'><strong>tandein</strong></span> <span class='ocrx_word' id='word_1_207' title='bbox 522 3781 559 3814; x_wconf 88' lang='lat' dir='ltr'><strong>me</strong></span> <span class='ocrx_word' id='word_1_208' title='bbox 572 3775 651 3815; x_wconf 89' lang='lat' dir='ltr'><strong>tamen</strong></span> <span class='ocrx_word' id='word_1_209' title='bbox 667 3766 774 3831; x_wconf 81' lang='lat' dir='ltr'><strong>expedii;</strong></span> 
     </span>
     <span class='ocr_line' id='line_1_36' title="bbox 208 3847 884 3915; baseline 0.006 -19"><span class='ocrx_word' id='word_1_210' title='bbox 208 3852 262 3897; x_wconf 88' lang='lat' dir='ltr'><strong>Non</strong></span> <span class='ocrx_word' id='word_1_211' title='bbox 276 3859 300 3897; x_wconf 87' lang='lat' dir='ltr'><strong>et</strong></span> <span class='ocrx_word' id='word_1_212' title='bbox 314 3851 345 3897; x_wconf 78' lang='lat' dir='ltr'><strong>alr</strong></span> <span class='ocrx_word' id='word_1_213' title='bbox 363 3847 531 3898; x_wconf 76' lang='lat' dir='ltr'><strong>Andromacha</strong></span> <span class='ocrx_word' id='word_1_214' title='bbox 550 3850 617 3915; x_wconf 90' lang='lat' dir='ltr'><strong>potui</strong></span> <span class='ocrx_word' id='word_1_215' title='bbox 631 3849 767 3910; x_wconf 79' lang='lat' dir='ltr'><strong>discedere,</strong></span> <span class='ocrx_word' id='word_1_216' title='bbox 782 3868 836 3900; x_wconf 86' lang='lat' dir='ltr'><strong>nam</strong></span> <span class='ocrx_word' id='word_1_217' title='bbox 848 3852 884 3900; x_wconf 82' lang='lat' dir='ltr'><strong>lex</strong></span> 
     </span>
     <span class='ocr_line' id='line_1_37' title="bbox 240 3932 807 4001; baseline 0.007 -20"><span class='ocrx_word' id='word_1_218' title='bbox 240 3937 291 3981; x_wconf 87' lang='lat' dir='ltr'><strong>Hoc</strong></span> <span class='ocrx_word' id='word_1_219' title='bbox 304 3933 475 3997; x_wconf 72' lang='lat' dir='ltr'><strong>ildegardis,</strong></span> <span class='ocrx_word' id='word_1_220' title='bbox 491 3932 622 3999; x_wconf 75' lang='lat' dir='ltr'>chartaque</span> <span class='ocrx_word' id='word_1_221' title='bbox 633 3935 720 4001; x_wconf 87' lang='lat' dir='ltr'><strong>scripta</strong></span> <span class='ocrx_word' id='word_1_222' title='bbox 736 3945 807 3985; x_wconf 75' lang='lat' dir='ltr'><strong>vetat.</strong></span> 
     </span>
     <span class='ocr_line' id='line_1_38' title="bbox 423 4020 791 4080; baseline 0.011 -16"><span class='ocrx_word' id='word_1_223' title='bbox 423 4020 479 4080; x_wconf 80' lang='lat'>379.</span> <span class='ocrx_word' id='word_1_224' title='bbox 498 4034 611 4067; x_wconf 72' lang='lat' dir='ltr'><strong>sornam</strong></span> <span class='ocrx_word' id='word_1_225' title='bbox 627 4034 791 4068; x_wconf 81' lang='lat' dir='ltr'><strong>sonorrsrrot.</strong></span> 
     </span>
     <span class='ocr_line' id='line_1_39' title="bbox 208 4096 773 4168; baseline 0.004 -17"><span class='ocrx_word' id='word_1_226' title='bbox 208 4103 283 4151; x_wconf 85' lang='lat' dir='ltr'><strong>Nemo</strong></span> <span class='ocrx_word' id='word_1_227' title='bbox 299 4112 350 4151; x_wconf 87' lang='lat' dir='ltr'><strong>tuos</strong></span> <span class='ocrx_word' id='word_1_228' title='bbox 364 4096 434 4151; x_wconf 76' lang='lat' dir='ltr'><strong>audet</strong></span> <span class='ocrx_word' id='word_1_229' title='bbox 447 4119 519 4152; x_wconf 75' lang='lat' dir='ltr'><strong>savos</strong></span> <span class='ocrx_word' id='word_1_230' title='bbox 530 4112 638 4168; x_wconf 87' lang='lat' dir='ltr'><strong>spectare</strong></span> <span class='ocrx_word' id='word_1_231' title='bbox 655 4105 773 4163; x_wconf 76' lang='lat' dir='ltr'><strong>molares,</strong></span> 
     </span>
     <span class='ocr_line' id='line_1_40' title="bbox 239 4186 750 4252; baseline 0.004 -18"><span class='ocrx_word' id='word_1_232' title='bbox 239 4189 268 4234; x_wconf 90' lang='lat' dir='ltr'><strong>Et</strong></span> <span class='ocrx_word' id='word_1_233' title='bbox 282 4193 322 4233; x_wconf 86' lang='lat' dir='ltr'><strong>tua</strong></span> <span class='ocrx_word' id='word_1_234' title='bbox 335 4195 461 4250; x_wconf 85' lang='lat' dir='ltr'><strong>propterea</strong></span> <span class='ocrx_word' id='word_1_235' title='bbox 477 4186 560 4235; x_wconf 87' lang='lat' dir='ltr'><strong>limina</strong></span> <span class='ocrx_word' id='word_1_236' title='bbox 571 4186 671 4252; x_wconf 87' lang='lat' dir='ltr'><strong>quisque</strong></span> <span class='ocrx_word' id='word_1_237' title='bbox 683 4186 750 4251; x_wconf 74' lang='lat' dir='ltr'><strong>urgit.</strong></span> 
     </span>
     <span class='ocr_line' id='line_1_41' title="bbox 206 4269 865 4336; baseline 0.005 -20"><span class='ocrx_word' id='word_1_238' title='bbox 206 4271 266 4317; x_wconf 88' lang='lat' dir='ltr'><strong>Nam</strong></span> <span class='ocrx_word' id='word_1_239' title='bbox 282 4276 363 4332; x_wconf 74' lang='lat' dir='ltr'><strong>regnet</strong></span> <span class='ocrx_word' id='word_1_240' title='bbox 374 4285 428 4317; x_wconf 86' lang='lat' dir='ltr'><strong>cum</strong></span> <span class='ocrx_word' id='word_1_241' title='bbox 441 4269 492 4318; x_wconf 88' lang='lat' dir='ltr'><strong>dira</strong></span> <span class='ocrx_word' id='word_1_242' title='bbox 505 4269 578 4319; x_wconf 81' lang='lat' dir='ltr'><strong>lanies</strong></span> <span class='ocrx_word' id='word_1_243' title='bbox 592 4269 771 4336; x_wconf 74' lang='lat' dir='ltr'><strong>Erysichthonis</strong></span> <span class='ocrx_word' id='word_1_244' title='bbox 786 4271 810 4319; x_wconf 94' lang='lat' dir='ltr'><strong>in</strong></span> <span class='ocrx_word' id='word_1_245' title='bbox 826 4281 865 4328; x_wconf 86' lang='lat' dir='ltr'><strong>te,</strong></span> 
     </span>
     <span class='ocr_line' id='line_1_42' title="bbox 238 4353 744 4420; baseline 0.004 -19"><span class='ocrx_word' id='word_1_246' title='bbox 238 4355 298 4416; x_wconf 89' lang='lat' dir='ltr'><strong>Quis</strong></span> <span class='ocrx_word' id='word_1_247' title='bbox 309 4353 354 4401; x_wconf 86' lang='lat' dir='ltr'><strong>scit</strong></span> <span class='ocrx_word' id='word_1_248' title='bbox 369 4354 474 4402; x_wconf 78' lang='lat' dir='ltr'><strong>convitis</strong></span> <span class='ocrx_word' id='word_1_249' title='bbox 488 4363 571 4420; x_wconf 87' lang='lat' dir='ltr'><strong>parcat</strong></span> <span class='ocrx_word' id='word_1_250' title='bbox 583 4371 612 4402; x_wconf 89' lang='lat' dir='ltr'><strong>an</strong></span> <span class='ocrx_word' id='word_1_251' title='bbox 627 4355 666 4402; x_wconf 89' lang='lat' dir='ltr'><strong>illa</strong></span> <span class='ocrx_word' id='word_1_252' title='bbox 679 4354 744 4403; x_wconf 84' lang='lat' dir='ltr'><strong>tuis?</strong></span> 
     </span>
     <span class='ocr_line' id='line_1_43' title="bbox 207 4437 854 4501; baseline 0.002 -17"><span class='ocrx_word' id='word_1_253' title='bbox 207 4440 246 4484; x_wconf 80' lang='lat' dir='ltr'><strong>lle</strong></span> <span class='ocrx_word' id='word_1_254' title='bbox 258 4446 322 4484; x_wconf 80' lang='lat' dir='ltr'><strong>certe</strong></span> <span class='ocrx_word' id='word_1_255' title='bbox 335 4437 430 4501; x_wconf 79' lang='lat' dir='ltr'><strong>capient</strong></span> <span class='ocrx_word' id='word_1_256' title='bbox 441 4453 562 4501; x_wconf 83' lang='lat' dir='ltr'><strong>nunquam</strong></span> <span class='ocrx_word' id='word_1_257' title='bbox 575 4444 615 4485; x_wconf 89' lang='lat' dir='ltr'><strong>tua</strong></span> <span class='ocrx_word' id='word_1_258' title='bbox 628 4446 706 4497; x_wconf 83' lang='lat' dir='ltr'><strong>tecta,</strong></span> <span class='ocrx_word' id='word_1_259' title='bbox 721 4453 764 4486; x_wconf 86' lang='lat' dir='ltr'><strong>nec</strong></span> <span class='ocrx_word' id='word_1_260' title='bbox 776 4438 854 4486; x_wconf 82' lang='lat' dir='ltr'><strong>alvum</strong></span> 
     </span>
     <span class='ocr_line' id='line_1_44' title="bbox 238 4520 680 4584; baseline 0.005 -16"><span class='ocrx_word' id='word_1_261' title='bbox 238 4520 359 4584; x_wconf 77' lang='lat' dir='ltr'><strong>Ingrediar</strong></span> <span class='ocrx_word' id='word_1_262' title='bbox 373 4528 460 4568; x_wconf 62' lang='lat' dir='ltr'><strong>vasum</strong></span> <span class='ocrx_word' id='word_1_263' title='bbox 475 4520 617 4570; x_wconf 72' lang='lat' dir='ltr'><strong>dilaceratus</strong></span> <span class='ocrx_word' id='word_1_264' title='bbox 629 4534 680 4584; x_wconf 73' lang='lat' dir='ltr'><strong>ago.</strong></span> 
     </span>
     <span class='ocr_line' id='line_1_45' title="bbox 207 4604 812 4672; baseline 0.005 -20"><span class='ocrx_word' id='word_1_265' title='bbox 207 4604 242 4652; x_wconf 93' lang='lat' dir='ltr'><strong>.td</strong></span> <span class='ocrx_word' id='word_1_266' title='bbox 255 4613 278 4652; x_wconf 89' lang='lat' dir='ltr'><strong>te</strong></span> <span class='ocrx_word' id='word_1_267' title='bbox 292 4605 311 4652; x_wconf 87' lang='lat' dir='ltr'><strong>si</strong></span> <span class='ocrx_word' id='word_1_268' title='bbox 326 4604 433 4667; x_wconf 83' lang='lat' dir='ltr'><strong>veniant,</strong></span> <span class='ocrx_word' id='word_1_269' title='bbox 445 4621 494 4670; x_wconf 85' lang='lat' dir='ltr'><strong>prae</strong></span> <span class='ocrx_word' id='word_1_270' title='bbox 506 4621 544 4653; x_wconf 89' lang='lat' dir='ltr'><strong>me</strong></span> <span class='ocrx_word' id='word_1_271' title='bbox 556 4604 617 4653; x_wconf 91' lang='lat' dir='ltr'><strong>nihil</strong></span> <span class='ocrx_word' id='word_1_272' title='bbox 630 4615 690 4654; x_wconf 82' lang='lat' dir='ltr'><strong>esset</strong></span> <span class='ocrx_word' id='word_1_273' title='bbox 705 4607 812 4672; x_wconf 78' lang='lat' dir='ltr'><strong>Ulyssrs,</strong></span> 
     </span>
     <span class='ocr_line' id='line_1_46' title="bbox 238 4688 731 4753; baseline 0 -15"><span class='ocrx_word' id='word_1_274' title='bbox 238 4688 285 4751; x_wconf 77' lang='lat' dir='ltr'><strong>Qui</strong></span> <span class='ocrx_word' id='word_1_275' title='bbox 299 4689 382 4753; x_wconf 75' lang='lat' dir='ltr'><strong>scytia</strong></span> <span class='ocrx_word' id='word_1_276' title='bbox 396 4696 479 4738; x_wconf 87' lang='lat' dir='ltr'><strong>contra</strong></span> <span class='ocrx_word' id='word_1_277' title='bbox 491 4704 515 4737; x_wconf 88' lang='lat' dir='ltr'><strong>sc</strong></span> <span class='ocrx_word' id='word_1_278' title='bbox 528 4690 602 4738; x_wconf 84' lang='lat' dir='ltr'><strong>trucis</strong></span> <span class='ocrx_word' id='word_1_279' title='bbox 615 4706 655 4737; x_wconf 90' lang='lat' dir='ltr'><strong>ora</strong></span> <span class='ocrx_word' id='word_1_280' title='bbox 669 4691 731 4738; x_wconf 89' lang='lat' dir='ltr'><strong>tulit.</strong></span> 
     </span>
     <span class='ocr_line' id='line_1_47' title="bbox 204 4771 711 4833; baseline 0.006 -14"><span class='ocrx_word' id='word_1_281' title='bbox 204 4771 293 4821; x_wconf 67' lang='lat' dir='ltr'><strong>¹iustius</strong></span> <span class='ocrx_word' id='word_1_282' title='bbox 305 4782 329 4821; x_wconf 87' lang='lat' dir='ltr'><strong>et</strong></span> <span class='ocrx_word' id='word_1_283' title='bbox 341 4772 407 4820; x_wconf 89' lang='lat' dir='ltr'><strong>dicar</strong></span> <span class='ocrx_word' id='word_1_284' title='bbox 420 4773 520 4832; x_wconf 83' lang='lat' dir='ltr'><strong>sollers,</strong></span> <span class='ocrx_word' id='word_1_285' title='bbox 533 4790 631 4822; x_wconf 81' lang='lat' dir='ltr'><strong>evasero</strong></span> <span class='ocrx_word' id='word_1_286' title='bbox 642 4775 661 4822; x_wconf 85' lang='lat' dir='ltr'><strong>si</strong></span> <span class='ocrx_word' id='word_1_287' title='bbox 675 4784 711 4833; x_wconf 79' lang='lat' dir='ltr'><strong>tc,</strong></span> 
     </span>
     <span class='ocr_line' id='line_1_48' title="bbox 239 4857 871 4924; baseline 0.003 -19"><span class='ocrx_word' id='word_1_288' title='bbox 239 4860 292 4906; x_wconf 82' lang='lat' dir='ltr'><strong>Non</strong></span> <span class='ocrx_word' id='word_1_289' title='bbox 307 4857 381 4904; x_wconf 79' lang='lat' dir='ltr'><strong>lerina</strong></span> <span class='ocrx_word' id='word_1_290' title='bbox 395 4866 540 4919; x_wconf 86' lang='lat' dir='ltr'><strong>monstrum,</strong></span> <span class='ocrx_word' id='word_1_291' title='bbox 554 4874 626 4922; x_wconf 90' lang='lat' dir='ltr'><strong>quam</strong></span> <span class='ocrx_word' id='word_1_292' title='bbox 638 4857 798 4924; x_wconf 78' lang='lat' dir='ltr'><strong>Polyphemus</strong></span> <span class='ocrx_word' id='word_1_293' title='bbox 812 4868 871 4908; x_wconf 87' lang='lat' dir='ltr'><strong>erat.</strong></span> 
     </span>
     <span class='ocr_line' id='line_1_49' title="bbox 410 4943 762 4991; baseline 0.017 -6"><span class='ocrx_word' id='word_1_294' title='bbox 410 4943 464 4987; x_wconf 80' lang='lat'>380.</span> <span class='ocrx_word' id='word_1_295' title='bbox 484 4958 620 4990; x_wconf 76' lang='lat' dir='ltr'><strong>uscanourr</strong></span> <span class='ocrx_word' id='word_1_296' title='bbox 639 4959 762 4991; x_wconf 78' lang='lat' dir='ltr'><strong>consonis.</strong></span> 
     </span>
     <span class='ocr_line' id='line_1_50' title="bbox 433 5020 724 5090; baseline -0.007 -15"><span class='ocrx_word' id='word_1_297' title='bbox 433 5024 478 5075; x_wconf 76' lang='lat' dir='ltr'><strong>Ad</strong></span> <span class='ocrx_word' id='word_1_298' title='bbox 488 5041 551 5081; x_wconf 87' lang='lat' dir='ltr'><strong>eum,</strong></span> <span class='ocrx_word' id='word_1_299' title='bbox 567 5026 607 5090; x_wconf 83' lang='lat' dir='ltr'><strong>qru&#39;</strong></span> <span class='ocrx_word' id='word_1_300' title='bbox 617 5020 724 5083; x_wconf 71' lang='lat' dir='ltr'><strong>dixerat,</strong></span> 
     </span>
     <span class='ocr_line' id='line_1_51' title="bbox 351 5105 831 5176; baseline 0.006 -22"><span class='ocrx_word' id='word_1_301' title='bbox 351 5111 443 5154; x_wconf 77' lang='lat' dir='ltr'><strong>Atrium</strong></span> <span class='ocrx_word' id='word_1_302' title='bbox 456 5108 480 5154; x_wconf 79' lang='lat' dir='ltr'><strong>rai</strong></span> <span class='ocrx_word' id='word_1_303' title='bbox 488 5106 550 5172; x_wconf 83' lang='lat' dir='ltr'><strong>juris</strong></span> <span class='ocrx_word' id='word_1_304' title='bbox 561 5119 681 5176; x_wconf 78' lang='lat' dir='ltr'><strong>sperneret</strong></span> <span class='ocrx_word' id='word_1_305' title='bbox 695 5105 757 5155; x_wconf 86' lang='lat' dir='ltr'><strong>ulma</strong></span> <span class='ocrx_word' id='word_1_306' title='bbox 769 5112 831 5157; x_wconf 82' lang='lat' dir='ltr'><strong>Deo.</strong></span> 
     </span>
     <span class='ocr_line' id='line_1_52' title="bbox 202 5187 833 5257; baseline 0.011 -23"><span class='ocrx_word' id='word_1_307' title='bbox 202 5188 281 5250; x_wconf 81' lang='lat' dir='ltr'><strong>Magni</strong></span> <span class='ocrx_word' id='word_1_308' title='bbox 298 5207 310 5234; x_wconf 83' lang='lat' dir='ltr'><strong>r:</strong></span> <span class='ocrx_word' id='word_1_309' title='bbox 320 5198 349 5233; x_wconf 79' lang='grc' dir='ltr'><strong>ιιι</strong></span> <span class='ocrx_word' id='word_1_310' title='bbox 363 5187 428 5236; x_wconf 73' lang='lat' dir='ltr'><strong>iovis</strong></span> <span class='ocrx_word' id='word_1_311' title='bbox 438 5227 444 5249; x_wconf 90' lang='lat'><strong>,</strong></span> <span class='ocrx_word' id='word_1_312' title='bbox 454 5189 514 5254; x_wconf 82' lang='lat' dir='ltr'><strong>juris</strong></span> <span class='ocrx_word' id='word_1_313' title='bbox 527 5194 590 5251; x_wconf 83' lang='lat' dir='ltr'><strong>Dea,</strong></span> <span class='ocrx_word' id='word_1_314' title='bbox 607 5207 660 5257; x_wconf 81' lang='lat' dir='ltr'><strong>quac</strong></span> <span class='ocrx_word' id='word_1_315' title='bbox 672 5193 732 5256; x_wconf 71' lang='lat' dir='ltr'><strong>regit</strong></span> <span class='ocrx_word' id='word_1_316' title='bbox 745 5191 833 5252; x_wconf 85' lang='lat' dir='ltr'><strong>urbes,</strong></span> 
     </span>
    </p>
   </div>
   <div class='ocr_carea' id='block_1_17' title="bbox 1048 475 1835 808">
    <p class='ocr_par' dir='ltr' id='par_1_20' title="bbox 1048 475 1674 630">
     <span class='ocr_line' id='line_1_53' title="bbox 1048 475 1674 541; baseline 0.005 -18"><span class='ocrx_word' id='word_1_317' title='bbox 1048 476 1209 538; x_wconf 77' lang='lat' dir='ltr'><strong>tir-utrisque</strong></span> <span class='ocrx_word' id='word_1_318' title='bbox 1218 475 1283 527; x_wconf 77' lang='lat' dir='ltr'><strong>mala</strong></span> <span class='ocrx_word' id='word_1_319' title='bbox 1298 488 1366 525; x_wconf 81' lang='lat' dir='ltr'><strong>mors</strong></span> <span class='ocrx_word' id='word_1_320' title='bbox 1377 478 1404 525; x_wconf 86' lang='lat' dir='ltr'><strong>et</strong></span> <span class='ocrx_word' id='word_1_321' title='bbox 1416 475 1494 525; x_wconf 86' lang='lat' dir='ltr'><strong>tatum</strong></span> <span class='ocrx_word' id='word_1_322' title='bbox 1506 479 1674 541; x_wconf 64' lang='lat' dir='ltr'><strong>param-sont.</strong></span> 
     </span>
     <span class='ocr_line' id='line_1_54' title="bbox 1080 562 1599 630; baseline 0 -16"><span class='ocrx_word' id='word_1_323' title='bbox 1080 563 1272 614; x_wconf 82' lang='lat' dir='ltr'><strong>Grammaticam</strong></span> <span class='ocrx_word' id='word_1_324' title='bbox 1283 576 1342 628; x_wconf 76' lang='lat' dir='ltr'><strong>orgo</strong></span> <span class='ocrx_word' id='word_1_325' title='bbox 1355 578 1421 613; x_wconf 87' lang='lat' dir='ltr'><strong>none</strong></span> <span class='ocrx_word' id='word_1_326' title='bbox 1430 578 1496 627; x_wconf 74' lang='lat' dir='ltr'><strong>cgre</strong></span> <span class='ocrx_word' id='word_1_327' title='bbox 1508 562 1599 630; x_wconf 66' lang='grc' dir='ltr'>σπυρίς</span> 
     </span>
    </p>

    <p class='ocr_par' dir='ltr' id='par_1_21' title="bbox 1048 650 1835 808">
     <span class='ocr_line' id='line_1_55' title="bbox 1048 650 1834 721; baseline 0.008 -20"><span class='ocrx_word' id='word_1_328' title='bbox 1048 666 1095 702; x_wconf 91' lang='lat' dir='ltr'><strong>non</strong></span> <span class='ocrx_word' id='word_1_329' title='bbox 1103 665 1204 717; x_wconf 83' lang='lat' dir='ltr'><strong>possum</strong></span> <span class='ocrx_word' id='word_1_330' title='bbox 1213 656 1296 703; x_wconf 83' lang='lat' dir='ltr'><strong>aotam</strong></span> <span class='ocrx_word' id='word_1_331' title='bbox 1307 652 1339 702; x_wconf 84' lang='lat' dir='ltr'><strong>ab</strong></span> <span class='ocrx_word' id='word_1_332' title='bbox 1351 665 1427 703; x_wconf 83' lang='lat' dir='ltr'><strong>uxore</strong></span> <span class='ocrx_word' id='word_1_333' title='bbox 1438 650 1784 721; x_wconf 68' lang='lat' dir='ltr'><strong>quocum-virodtellagerit</strong></span> <span class='ocrx_word' id='word_1_334' title='bbox 1797 668 1834 707; x_wconf 71' lang='lat' dir='ltr'><strong>ra</strong></span> 
     </span>
     <span class='ocr_line' id='line_1_56' title="bbox 1079 739 1835 808; baseline 0.008 -19"><span class='ocrx_word' id='word_1_335' title='bbox 1079 740 1183 803; x_wconf 80' lang='lat' dir='ltr'><strong>impedit</strong></span> <span class='ocrx_word' id='word_1_336' title='bbox 1197 741 1263 790; x_wconf 82' lang='lat' dir='ltr'><strong>eninr</strong></span> <span class='ocrx_word' id='word_1_337' title='bbox 1277 741 1450 791; x_wconf 78' lang='lat' dir='ltr'><strong>chartaetlex</strong></span> <span class='ocrx_word' id='word_1_338' title='bbox 1463 739 1578 792; x_wconf 75' lang='lat' dir='ltr'><strong>Ausonia.</strong></span> <span class='ocrx_word' id='word_1_339' title='bbox 1715 741 1835 808; x_wconf 70' lang='grc' dir='ltr'>[ταύτης</span> 
     </span>
    </p>
   </div>
   <div class='ocr_carea' id='block_1_18' title="bbox 1210 883 1663 934">
    <p class='ocr_par' dir='ltr' id='par_1_22' title="bbox 1210 883 1663 934">
     <span class='ocr_line' id='line_1_57' title="bbox 1210 883 1663 934; baseline 0.007 -5"><span class='ocrx_word' id='word_1_340' title='bbox 1210 886 1264 932; x_wconf 76' lang='grc'><strong>379.</strong></span> <span class='ocrx_word' id='word_1_341' title='bbox 1286 883 1435 931; x_wconf 68' lang='lat' dir='ltr'><strong>AGATHIAE</strong></span> <span class='ocrx_word' id='word_1_342' title='bbox 1450 884 1663 934; x_wconf 72' lang='lat' dir='ltr'><strong>scuousstht.</strong></span> 
     </span>
    </p>
   </div>
   <div class='ocr_carea' id='block_1_19' title="bbox 973 1005 1685 1068">
    <p class='ocr_par' dir='ltr' id='par_1_23' title="bbox 973 1005 1685 1068">
     <span class='ocr_line' id='line_1_58' title="bbox 973 1005 1685 1068; baseline 0.007 -14"><span class='ocrx_word' id='word_1_343' title='bbox 973 1026 977 1033; x_wconf 94' lang='lat'>·</span> <span class='ocrx_word' id='word_1_344' title='bbox 1048 1007 1099 1055; x_wconf 79' lang='lat' dir='ltr'><strong>Non</strong></span> <span class='ocrx_word' id='word_1_345' title='bbox 1109 1006 1240 1068; x_wconf 76' lang='lat' dir='ltr'><strong>quisquam</strong></span> <span class='ocrx_word' id='word_1_346' title='bbox 1252 1006 1357 1056; x_wconf 76' lang='lat' dir='ltr'><strong>molares</strong></span> <span class='ocrx_word' id='word_1_347' title='bbox 1366 1005 1450 1058; x_wconf 78' lang='lat' dir='ltr'><strong>ridere</strong></span> <span class='ocrx_word' id='word_1_348' title='bbox 1463 1007 1582 1058; x_wconf 77' lang='lat' dir='ltr'><strong>sustinuit</strong></span> <span class='ocrx_word' id='word_1_349' title='bbox 1596 1008 1685 1060; x_wconf 79' lang='lat' dir='ltr'><strong>dentes</strong></span> 
     </span>
    </p>
   </div>
   <div class='ocr_carea' id='block_1_20' title="bbox 1045 1093 1837 1863">
    <p class='ocr_par' dir='ltr' id='par_1_24' title="bbox 1077 1093 1535 1153">
     <span class='ocr_line' id='line_1_59' title="bbox 1077 1093 1535 1153; baseline 0.013 -11"><span class='ocrx_word' id='word_1_350' title='bbox 1077 1097 1148 1153; x_wconf 86' lang='lat' dir='ltr'><strong>tuos,</strong></span> <span class='ocrx_word' id='word_1_351' title='bbox 1159 1097 1187 1142; x_wconf 89' lang='lat' dir='ltr'><strong>ut</strong></span> <span class='ocrx_word' id='word_1_352' title='bbox 1195 1096 1253 1143; x_wconf 79' lang='lat' dir='ltr'><strong>tuas</strong></span> <span class='ocrx_word' id='word_1_353' title='bbox 1264 1093 1296 1143; x_wconf 86' lang='lat' dir='ltr'><strong>ad</strong></span> <span class='ocrx_word' id='word_1_354' title='bbox 1308 1093 1374 1144; x_wconf 74' lang='lat' dir='ltr'><strong>odes</strong></span> <span class='ocrx_word' id='word_1_355' title='bbox 1387 1094 1535 1147; x_wconf 67' lang='lat' dir='ltr'><strong>accederet:</strong></span> 
     </span>
    </p>

    <p class='ocr_par' dir='ltr' id='par_1_25' title="bbox 1047 1180 1830 1335">
     <span class='ocr_line' id='line_1_60' title="bbox 1047 1180 1830 1251; baseline 0.01 -21"><span class='ocrx_word' id='word_1_356' title='bbox 1047 1180 1139 1231; x_wconf 86' lang='lat' dir='ltr'><strong>sienim</strong></span> <span class='ocrx_word' id='word_1_357' title='bbox 1146 1181 1830 1251; x_wconf 64' lang='lat' dir='ltr'><strong>usqucimmancmdamemhaltestirrsiohthonisipsius.</strong></span> 
     </span>
     <span class='ocr_line' id='line_1_61' title="bbox 1077 1267 1721 1335; baseline 0.008 -18"><span class='ocrx_word' id='word_1_358' title='bbox 1077 1282 1116 1317; x_wconf 81' lang='lat' dir='ltr'><strong>nm</strong></span> <span class='ocrx_word' id='word_1_359' title='bbox 1127 1270 1190 1318; x_wconf 79' lang='lat' dir='ltr'><strong>torte</strong></span> <span class='ocrx_word' id='word_1_360' title='bbox 1202 1267 1334 1320; x_wconf 84' lang='lat' dir='ltr'><strong>dilaniahls</strong></span> <span class='ocrx_word' id='word_1_361' title='bbox 1344 1269 1419 1320; x_wconf 80' lang='lat' dir='ltr'><strong>otiam</strong></span> <span class='ocrx_word' id='word_1_362' title='bbox 1431 1270 1538 1321; x_wconf 85' lang='lat' dir='ltr'><strong>amicum</strong></span> <span class='ocrx_word' id='word_1_363' title='bbox 1547 1285 1622 1335; x_wconf 84' lang='lat' dir='ltr'><strong>quern</strong></span> <span class='ocrx_word' id='word_1_364' title='bbox 1637 1286 1721 1325; x_wconf 79' lang='lat' dir='ltr'><strong>rocas.</strong></span> 
     </span>
    </p>

    <p class='ocr_par' dir='ltr' id='par_1_26' title="bbox 1047 1355 1837 1514">
     <span class='ocr_line' id='line_1_62' title="bbox 1047 1355 1749 1424; baseline 0.014 -19"><span class='ocrx_word' id='word_1_365' title='bbox 1047 1359 1078 1405; x_wconf 83' lang='lat' dir='ltr'><strong>st</strong></span> <span class='ocrx_word' id='word_1_366' title='bbox 1092 1370 1140 1404; x_wconf 91' lang='lat' dir='ltr'><strong>non</strong></span> <span class='ocrx_word' id='word_1_367' title='bbox 1151 1359 1202 1406; x_wconf 78' lang='lat' dir='ltr'><strong>turc</strong></span> <span class='ocrx_word' id='word_1_368' title='bbox 1213 1355 1281 1406; x_wconf 84' lang='lat' dir='ltr'><strong>aedes</strong></span> <span class='ocrx_word' id='word_1_369' title='bbox 1292 1357 1463 1421; x_wconf 67' lang='lat' dir='ltr'><strong>mancipiant</strong></span> <span class='ocrx_word' id='word_1_370' title='bbox 1476 1372 1482 1406; x_wconf 81' lang='grc' dir='ltr'>ι</span> <span class='ocrx_word' id='word_1_371' title='bbox 1496 1359 1621 1410; x_wconf 77' lang='lat' dir='ltr'><strong>nonenim</strong></span> <span class='ocrx_word' id='word_1_372' title='bbox 1633 1360 1749 1424; x_wconf 58' lang='lat' dir='ltr'><strong>muldam</strong></span> 
     </span>
     <span class='ocr_line' id='line_1_63' title="bbox 1077 1444 1837 1514; baseline 0.016 -22"><span class='ocrx_word' id='word_1_373' title='bbox 1077 1444 1189 1505; x_wconf 84' lang='lat' dir='ltr'><strong>ibo‚tuo</strong></span> <span class='ocrx_word' id='word_1_374' title='bbox 1211 1444 1291 1495; x_wconf 81' lang='lat' dir='ltr'><strong>rnrtrl</strong></span> <span class='ocrx_word' id='word_1_375' title='bbox 1301 1445 1444 1496; x_wconf 78' lang='lat' dir='ltr'><strong>sonandus.</strong></span> <span class='ocrx_word' id='word_1_376' title='bbox 1682 1451 1760 1514; x_wconf 84' lang='lat' dir='ltr'><strong>[num</strong></span> <span class='ocrx_word' id='word_1_377' title='bbox 1776 1452 1837 1504; x_wconf 79' lang='lat' dir='ltr'><strong>lacit</strong></span> 
     </span>
    </p>

    <p class='ocr_par' dir='ltr' id='par_1_27' title="bbox 1045 1533 1834 1688">
     <span class='ocr_line' id='line_1_64' title="bbox 1045 1533 1834 1602; baseline 0.013 -21"><span class='ocrx_word' id='word_1_378' title='bbox 1045 1533 1070 1581; x_wconf 87' lang='lat' dir='ltr'><strong>Si</strong></span> <span class='ocrx_word' id='word_1_379' title='bbox 1086 1536 1169 1583; x_wconf 84' lang='lat' dir='ltr'><strong>autern</strong></span> <span class='ocrx_word' id='word_1_380' title='bbox 1188 1546 1296 1596; x_wconf 78' lang='lat' dir='ltr'><strong>unquam</strong></span> <span class='ocrx_word' id='word_1_381' title='bbox 1312 1533 1338 1583; x_wconf 85' lang='lat' dir='ltr'><strong>in</strong></span> <span class='ocrx_word' id='word_1_382' title='bbox 1354 1537 1424 1584; x_wconf 89' lang='lat' dir='ltr'><strong>tuam</strong></span> <span class='ocrx_word' id='word_1_383' title='bbox 1435 1534 1537 1586; x_wconf 82' lang='lat' dir='ltr'><strong>domurn</strong></span> <span class='ocrx_word' id='word_1_384' title='bbox 1550 1536 1681 1600; x_wconf 86' lang='lat' dir='ltr'><strong>introiero,</strong></span> <span class='ocrx_word' id='word_1_385' title='bbox 1695 1553 1745 1589; x_wconf 86' lang='lat' dir='ltr'><strong>non</strong></span> <span class='ocrx_word' id='word_1_386' title='bbox 1760 1554 1834 1602; x_wconf 76' lang='lat' dir='ltr'><strong>mag·</strong></span> 
     </span>
     <span class='ocr_line' id='line_1_65' title="bbox 1076 1611 1585 1688; baseline 0.012 -17"><span class='ocrx_word' id='word_1_387' title='bbox 1076 1616 1216 1672; x_wconf 78' lang='lat' dir='ltr'><strong>Laertiades</strong></span> <span class='ocrx_word' id='word_1_388' title='bbox 1225 1611 1311 1685; x_wconf 71' lang='lat' dir='ltr'><strong>seyne</strong></span> <span class='ocrx_word' id='word_1_389' title='bbox 1324 1622 1429 1674; x_wconf 84' lang='lat' dir='ltr'><strong>rictibus</strong></span> <span class='ocrx_word' id='word_1_390' title='bbox 1440 1636 1585 1688; x_wconf 84' lang='lat' dir='ltr'><strong>occurrens;</strong></span> 
     </span>
    </p>

    <p class='ocr_par' dir='ltr' id='par_1_28' title="bbox 1045 1710 1673 1863">
     <span class='ocr_line' id='line_1_66' title="bbox 1045 1710 1673 1779; baseline 0.013 -20"><span class='ocrx_word' id='word_1_391' title='bbox 1045 1711 1139 1760; x_wconf 86' lang='lat' dir='ltr'><strong>sedero</strong></span> <span class='ocrx_word' id='word_1_392' title='bbox 1152 1710 1247 1774; x_wconf 79' lang='lat' dir='ltr'><strong>patiens</strong></span> <span class='ocrx_word' id='word_1_393' title='bbox 1255 1724 1301 1774; x_wconf 82' lang='lat' dir='ltr'><strong>ego</strong></span> <span class='ocrx_word' id='word_1_394' title='bbox 1315 1711 1363 1761; x_wconf 81' lang='lat' dir='ltr'><strong>illo</strong></span> <span class='ocrx_word' id='word_1_395' title='bbox 1374 1713 1461 1778; x_wconf 78' lang='lat' dir='ltr'><strong>magis,</strong></span> <span class='ocrx_word' id='word_1_396' title='bbox 1475 1713 1497 1764; x_wconf 86' lang='lat' dir='ltr'><strong>si</strong></span> <span class='ocrx_word' id='word_1_397' title='bbox 1507 1718 1533 1765; x_wconf 85' lang='lat' dir='ltr'><strong>te</strong></span> <span class='ocrx_word' id='word_1_398' title='bbox 1543 1715 1673 1779; x_wconf 79' lang='lat' dir='ltr'><strong>transiero,</strong></span> 
     </span>
     <span class='ocr_line' id='line_1_67' title="bbox 1076 1800 1486 1863; baseline 0.005 -14"><span class='ocrx_word' id='word_1_399' title='bbox 1076 1800 1181 1863; x_wconf 81' lang='lat' dir='ltr'><strong>Cyclope</strong></span> <span class='ocrx_word' id='word_1_400' title='bbox 1193 1813 1261 1850; x_wconf 71' lang='lat' dir='ltr'><strong>sacro</strong></span> <span class='ocrx_word' id='word_1_401' title='bbox 1275 1800 1350 1852; x_wconf 86' lang='lat' dir='ltr'><strong>nihilo</strong></span> <span class='ocrx_word' id='word_1_402' title='bbox 1358 1800 1486 1853; x_wconf 78' lang='lat' dir='ltr'><strong>leviorem.</strong></span> 
     </span>
    </p>
   </div>
   <div class='ocr_carea' id='block_1_21' title="bbox 1221 1944 1647 1995">
    <p class='ocr_par' dir='ltr' id='par_1_29' title="bbox 1221 1944 1647 1995">
     <span class='ocr_line' id='line_1_68' title="bbox 1221 1944 1647 1995; baseline 0.012 -5"><span class='ocrx_word' id='word_1_403' title='bbox 1221 1944 1274 1992; x_wconf 77' lang='lat'>380.</span> <span class='ocrx_word' id='word_1_404' title='bbox 1294 1944 1468 1995; x_wconf 72' lang='lat' dir='ltr'><strong>uacationis</strong></span> <span class='ocrx_word' id='word_1_405' title='bbox 1489 1946 1647 1995; x_wconf 81' lang='lat' dir='ltr'>CONSULIS.</span> 
     </span>
    </p>
   </div>
   <div class='ocr_carea' id='block_1_22' title="bbox 1042 2081 1786 2592">
    <p class='ocr_par' dir='ltr' id='par_1_30' title="bbox 1045 2081 1720 2236">
     <span class='ocr_line' id='line_1_69' title="bbox 1045 2081 1597 2147; baseline 0.011 -17"><span class='ocrx_word' id='word_1_406' title='bbox 1045 2081 1118 2145; x_wconf 84' lang='lat' dir='ltr'><strong>Virgo</strong></span> <span class='ocrx_word' id='word_1_407' title='bbox 1129 2081 1233 2144; x_wconf 82' lang='lat' dir='ltr'><strong>ingenua</strong></span> <span class='ocrx_word' id='word_1_408' title='bbox 1245 2081 1360 2142; x_wconf 80' lang='lat' dir='ltr'><strong>lustitia,</strong></span> <span class='ocrx_word' id='word_1_409' title='bbox 1375 2086 1477 2147; x_wconf 85' lang='lat' dir='ltr'><strong>patrona</strong></span> <span class='ocrx_word' id='word_1_410' title='bbox 1490 2085 1597 2146; x_wconf 85' lang='lat' dir='ltr'><strong>urbium,</strong></span> 
     </span>
     <span class='ocr_line' id='line_1_70' title="bbox 1073 2168 1720 2236; baseline 0.011 -19"><span class='ocrx_word' id='word_1_411' title='bbox 1073 2183 1122 2218; x_wconf 88' lang='lat' dir='ltr'><strong>non</strong></span> <span class='ocrx_word' id='word_1_412' title='bbox 1131 2168 1156 2218; x_wconf 87' lang='lat' dir='ltr'><strong>id</strong></span> <span class='ocrx_word' id='word_1_413' title='bbox 1169 2169 1462 2234; x_wconf 74' lang='lat' dir='ltr'><strong>quodcum-pietateest</strong></span> <span class='ocrx_word' id='word_1_414' title='bbox 1474 2187 1563 2224; x_wconf 84' lang='lat' dir='ltr'><strong>aurum</strong></span> <span class='ocrx_word' id='word_1_415' title='bbox 1575 2180 1720 2236; x_wconf 62' lang='lat' dir='ltr'><strong>aversatum</strong></span> 
     </span>
    </p>

    <p class='ocr_par' dir='ltr' id='par_1_31' title="bbox 1042 2257 1786 2413">
     <span class='ocr_line' id='line_1_71' title="bbox 1042 2257 1786 2325; baseline 0.012 -18"><span class='ocrx_word' id='word_1_416' title='bbox 1042 2257 1086 2308; x_wconf 86' lang='lat' dir='ltr'><strong>scd</strong></span> <span class='ocrx_word' id='word_1_417' title='bbox 1098 2261 1123 2308; x_wconf 87' lang='lat' dir='ltr'><strong>ct</strong></span> <span class='ocrx_word' id='word_1_418' title='bbox 1138 2258 1198 2323; x_wconf 74' lang='lat' dir='ltr'><strong>ipse</strong></span> <span class='ocrx_word' id='word_1_419' title='bbox 1213 2258 1296 2309; x_wconf 87' lang='lat' dir='ltr'><strong>lances</strong></span> <span class='ocrx_word' id='word_1_420' title='bbox 1307 2259 1377 2309; x_wconf 79' lang='lat' dir='ltr'><strong>lovis</strong></span> <span class='ocrx_word' id='word_1_421' title='bbox 1390 2261 1561 2312; x_wconf 63' lang='lat' dir='ltr'><strong>aeolida-auro</strong></span> <span class='ocrx_word' id='word_1_422' title='bbox 1574 2264 1786 2325; x_wconf 77' lang='lat' dir='ltr'><strong>conlectae-sunt.</strong></span> 
     </span>
     <span class='ocr_line' id='line_1_72' title="bbox 1073 2347 1589 2413; baseline 0.01 -17"><span class='ocrx_word' id='word_1_423' title='bbox 1073 2347 1164 2411; x_wconf 85' lang='lat' dir='ltr'><strong>quibus</strong></span> <span class='ocrx_word' id='word_1_424' title='bbox 1176 2347 1295 2413; x_wconf 86' lang='lat' dir='ltr'><strong>ponderat</strong></span> <span class='ocrx_word' id='word_1_425' title='bbox 1305 2354 1404 2399; x_wconf 85' lang='lat' dir='ltr'><strong>ornnem</strong></span> <span class='ocrx_word' id='word_1_426' title='bbox 1416 2348 1494 2413; x_wconf 70' lang='lat' dir='ltr'><strong>legem</strong></span> <span class='ocrx_word' id='word_1_427' title='bbox 1509 2350 1569 2401; x_wconf 79' lang='lat' dir='ltr'><strong>vitre</strong></span> <span class='ocrx_word' id='word_1_428' title='bbox 1583 2364 1589 2394; x_wconf 72' lang='grc' dir='ltr'>ε</span> 
     </span>
    </p>

    <p class='ocr_par' dir='ltr' id='par_1_32' title="bbox 1043 2438 1694 2592">
     <span class='ocr_line' id='line_1_73' title="bbox 1043 2438 1694 2503; baseline 0.011 -18"><span class='ocrx_word' id='word_1_429' title='bbox 1043 2456 1055 2479; x_wconf 74' lang='grc' dir='ltr'>ι</span> <span class='ocrx_word' id='word_1_430' title='bbox 1068 2438 1099 2486; x_wconf 79' lang='lat' dir='ltr'><strong>Et</strong></span> <span class='ocrx_word' id='word_1_431' title='bbox 1110 2440 1171 2486; x_wconf 89' lang='lat' dir='ltr'><strong>tunc</strong></span> <span class='ocrx_word' id='word_1_432' title='bbox 1180 2450 1237 2486; x_wconf 82' lang='lat' dir='ltr'><strong>sane</strong></span> <span class='ocrx_word' id='word_1_433' title='bbox 1249 2450 1335 2487; x_wconf 83' lang='lat' dir='ltr'><strong>aureas</strong></span> <span class='ocrx_word' id='word_1_434' title='bbox 1348 2442 1418 2500; x_wconf 80' lang='lat' dir='ltr'><strong>pater</strong></span> <span class='ocrx_word' id='word_1_435' title='bbox 1431 2438 1560 2503; x_wconf 72' lang='lat' dir='ltr'><strong>mipendit</strong></span> <span class='ocrx_word' id='word_1_436' title='bbox 1568 2440 1651 2491; x_wconf 81' lang='lat' dir='ltr'><strong>lances</strong></span> <span class='ocrx_word' id='word_1_437' title='bbox 1662 2468 1675 2492; x_wconf 72' lang='grc' dir='ltr'>ι</span> <span class='ocrx_word' id='word_1_438' title='bbox 1687 2479 1694 2502; x_wconf 93' lang='grc'>,</span> 
     </span>
     <span class='ocr_line' id='line_1_74' title="bbox 1072 2525 1566 2592; baseline 0.006 -17"><span class='ocrx_word' id='word_1_439' title='bbox 1072 2525 1093 2575; x_wconf 85' lang='lat' dir='ltr'><strong>si</strong></span> <span class='ocrx_word' id='word_1_440' title='bbox 1110 2539 1158 2575; x_wconf 91' lang='lat' dir='ltr'><strong>non</strong></span> <span class='ocrx_word' id='word_1_441' title='bbox 1169 2526 1311 2575; x_wconf 81' lang='lat' dir='ltr'><strong>Homericos</strong></span> <span class='ocrx_word' id='word_1_442' title='bbox 1325 2525 1457 2577; x_wconf 84' lang='lat' dir='ltr'><strong>oblitus-es</strong></span> <span class='ocrx_word' id='word_1_443' title='bbox 1467 2528 1566 2592; x_wconf 78' lang='lat' dir='ltr'><strong>gratias.</strong></span> 
     </span>
    </p>
   </div>
   <div class='ocr_carea' id='block_1_23' title="bbox 1316 2670 1549 2721">
    <p class='ocr_par' dir='ltr' id='par_1_33' title="bbox 1316 2670 1549 2721">
     <span class='ocr_line' id='line_1_75' title="bbox 1316 2670 1549 2721; baseline 0.004 -3"><span class='ocrx_word' id='word_1_444' title='bbox 1316 2671 1371 2721; x_wconf 82' lang='lat' dir='ltr'><strong>ast.</strong></span> <span class='ocrx_word' id='word_1_445' title='bbox 1389 2670 1549 2719; x_wconf 73' lang='lat' dir='ltr'><strong>PALLADE.</strong></span> 
     </span>
    </p>
   </div>
   <div class='ocr_carea' id='block_1_24' title="bbox 1040 2806 1802 2957">
    <p class='ocr_par' dir='ltr' id='par_1_34' title="bbox 1040 2806 1802 2957">
     <span class='ocr_line' id='line_1_76' title="bbox 1040 2806 1802 2869; baseline 0.005 -14"><span class='ocrx_word' id='word_1_446' title='bbox 1040 2807 1125 2856; x_wconf 86' lang='lat' dir='ltr'><strong>Omnis</strong></span> <span class='ocrx_word' id='word_1_447' title='bbox 1136 2806 1225 2857; x_wconf 88' lang='lat' dir='ltr'><strong>mulier</strong></span> <span class='ocrx_word' id='word_1_448' title='bbox 1238 2807 1293 2858; x_wconf 79' lang='lat' dir='ltr'><strong>bitis</strong></span> <span class='ocrx_word' id='word_1_449' title='bbox 1303 2811 1341 2859; x_wconf 87' lang='lat' dir='ltr'><strong>est</strong></span> <span class='ocrx_word' id='word_1_450' title='bbox 1353 2830 1358 2857; x_wconf 92' lang='lat'>:</span> <span class='ocrx_word' id='word_1_451' title='bbox 1376 2806 1543 2858; x_wconf 76' lang='lat' dir='ltr'><strong>hebetantem</strong></span> <span class='ocrx_word' id='word_1_452' title='bbox 1554 2806 1630 2857; x_wconf 76' lang='grc' dir='ltr'>οοιιοο</span> <span class='ocrx_word' id='word_1_453' title='bbox 1640 2807 1702 2857; x_wconf 88' lang='lat' dir='ltr'><strong>duas</strong></span> <span class='ocrx_word' id='word_1_454' title='bbox 1714 2808 1802 2869; x_wconf 73' lang='lat' dir='ltr'><strong>lutras,</strong></span> 
     </span>
     <span class='ocr_line' id='line_1_77' title="bbox 1071 2895 1580 2957; baseline 0 -13"><span class='ocrx_word' id='word_1_455' title='bbox 1071 2909 1145 2945; x_wconf 88' lang='lat' dir='ltr'><strong>unam</strong></span> <span class='ocrx_word' id='word_1_456' title='bbox 1155 2896 1179 2944; x_wconf 92' lang='lat' dir='ltr'><strong>in</strong></span> <span class='ocrx_word' id='word_1_457' title='bbox 1190 2895 1311 2957; x_wconf 84' lang='lat' dir='ltr'><strong>thalamo,</strong></span> <span class='ocrx_word' id='word_1_458' title='bbox 1325 2896 1427 2947; x_wconf 86' lang='lat' dir='ltr'><strong>alteram</strong></span> <span class='ocrx_word' id='word_1_459' title='bbox 1437 2895 1461 2946; x_wconf 91' lang='lat' dir='ltr'><strong>in</strong></span> <span class='ocrx_word' id='word_1_460' title='bbox 1475 2895 1580 2946; x_wconf 87' lang='lat' dir='ltr'><strong>tumulo.</strong></span> 
     </span>
    </p>
   </div>
   <div class='ocr_carea' id='block_1_25' title="bbox 1210 3024 1655 3080">
    <p class='ocr_par' dir='ltr' id='par_1_35' title="bbox 1210 3024 1655 3080">
     <span class='ocr_line' id='line_1_78' title="bbox 1210 3024 1655 3080; baseline 0.004 -3"><span class='ocrx_word' id='word_1_461' title='bbox 1210 3033 1261 3078; x_wconf 76' lang='grc'><strong>382.</strong></span> <span class='ocrx_word' id='word_1_462' title='bbox 1281 3029 1428 3080; x_wconf 67' lang='lat' dir='ltr'><strong>sestula</strong></span> <span class='ocrx_word' id='word_1_463' title='bbox 1444 3024 1655 3079; x_wconf 76' lang='lat' dir='ltr'>SGHOLASTICI.</span> 
     </span>
    </p>
   </div>
   <div class='ocr_carea' id='block_1_26' title="bbox 1039 3168 1678 3586">
    <p class='ocr_par' dir='ltr' id='par_1_36' title="bbox 1039 3168 1678 3586">
     <span class='ocr_line' id='line_1_79' title="bbox 1039 3168 1531 3232; baseline 0.004 -16"><span class='ocrx_word' id='word_1_464' title='bbox 1039 3169 1142 3217; x_wconf 84' lang='lat' dir='ltr'><strong>lacebat</strong></span> <span class='ocrx_word' id='word_1_465' title='bbox 1153 3169 1289 3218; x_wconf 65' lang='lat' dir='ltr'><strong>Alcimenae</strong></span> <span class='ocrx_word' id='word_1_466' title='bbox 1299 3171 1419 3232; x_wconf 71' lang='lat' dir='ltr'><strong>agrotans</strong></span> <span class='ocrx_word' id='word_1_467' title='bbox 1431 3181 1458 3218; x_wconf 83' lang='grc' dir='ltr'><strong>ει</strong></span> <span class='ocrx_word' id='word_1_468' title='bbox 1468 3168 1531 3218; x_wconf 80' lang='lat' dir='ltr'><strong>febri</strong></span> 
     </span>
     <span class='ocr_line' id='line_1_80' title="bbox 1069 3255 1555 3319; baseline 0.004 -15"><span class='ocrx_word' id='word_1_469' title='bbox 1069 3260 1095 3305; x_wconf 89' lang='lat' dir='ltr'><strong>ct</strong></span> <span class='ocrx_word' id='word_1_470' title='bbox 1106 3259 1243 3319; x_wconf 68' lang='lat' dir='ltr'><strong>reignitur</strong></span> <span class='ocrx_word' id='word_1_471' title='bbox 1253 3269 1339 3305; x_wconf 83' lang='lat' dir='ltr'><strong>raucos</strong></span> <span class='ocrx_word' id='word_1_472' title='bbox 1349 3255 1555 3313; x_wconf 79' lang='lat' dir='ltr'><strong>ronchosedens,</strong></span> 
     </span>
     <span class='ocr_line' id='line_1_81' title="bbox 1039 3344 1668 3408; baseline 0.005 -17"><span class='ocrx_word' id='word_1_473' title='bbox 1039 3344 1208 3407; x_wconf 83' lang='lat' dir='ltr'><strong>indicatusque</strong></span> <span class='ocrx_word' id='word_1_474' title='bbox 1220 3345 1284 3394; x_wconf 83' lang='lat' dir='ltr'><strong>latos</strong></span> <span class='ocrx_word' id='word_1_475' title='bbox 1292 3346 1409 3406; x_wconf 76' lang='lat' dir='ltr'><strong>tartonam</strong></span> <span class='ocrx_word' id='word_1_476' title='bbox 1422 3344 1521 3395; x_wconf 80' lang='lat' dir='ltr'><strong>ensibus</strong></span> <span class='ocrx_word' id='word_1_477' title='bbox 1534 3346 1668 3408; x_wconf 77' lang='lat' dir='ltr'><strong>puuctum,</strong></span> 
     </span>
     <span class='ocr_line' id='line_1_82' title="bbox 1070 3432 1632 3496; baseline -0.002 -15"><span class='ocrx_word' id='word_1_478' title='bbox 1070 3436 1096 3481; x_wconf 82' lang='lat' dir='ltr'><strong>ot</strong></span> <span class='ocrx_word' id='word_1_479' title='bbox 1110 3432 1197 3482; x_wconf 86' lang='lat' dir='ltr'><strong>crebro</strong></span> <span class='ocrx_word' id='word_1_480' title='bbox 1210 3433 1377 3484; x_wconf 78' lang='lat' dir='ltr'><strong>maleaonorls</strong></span> <span class='ocrx_word' id='word_1_481' title='bbox 1387 3432 1486 3483; x_wconf 86' lang='lat' dir='ltr'><strong>llatlhus</strong></span> <span class='ocrx_word' id='word_1_482' title='bbox 1501 3432 1632 3496; x_wconf 81' lang='lat' dir='ltr'><strong>respirans.</strong></span> 
     </span>
     <span class='ocr_line' id='line_1_83' title="bbox 1040 3520 1678 3586; baseline -0.002 -17"><span class='ocrx_word' id='word_1_483' title='bbox 1040 3520 1114 3570; x_wconf 82' lang='lat' dir='ltr'><strong>Venit</strong></span> <span class='ocrx_word' id='word_1_484' title='bbox 1130 3525 1212 3571; x_wconf 84' lang='lat' dir='ltr'><strong>autern</strong></span> <span class='ocrx_word' id='word_1_485' title='bbox 1225 3522 1376 3586; x_wconf 80' lang='lat' dir='ltr'><strong>Callignotus</strong></span> <span class='ocrx_word' id='word_1_486' title='bbox 1386 3523 1462 3584; x_wconf 86' lang='lat' dir='ltr'><strong>Cous,</strong></span> <span class='ocrx_word' id='word_1_487' title='bbox 1471 3520 1678 3584; x_wconf 75' lang='lat' dir='ltr'><strong>large-garrulus,</strong></span> 
     </span>
    </p>
   </div>
   <div class='ocr_carea' id='block_1_27' title="bbox 1035 3683 1739 4072">
    <p class='ocr_par' dir='ltr' id='par_1_37' title="bbox 1070 3683 1605 3750">
     <span class='ocr_line' id='line_1_84' title="bbox 1070 3683 1605 3750; baseline 0 -18"><span class='ocrx_word' id='word_1_488' title='bbox 1070 3691 1163 3732; x_wconf 84' lang='lat' dir='ltr'><strong>Aurum</strong></span> <span class='ocrx_word' id='word_1_489' title='bbox 1178 3701 1225 3734; x_wconf 91' lang='lat' dir='ltr'><strong>nou</strong></span> <span class='ocrx_word' id='word_1_490' title='bbox 1239 3685 1331 3750; x_wconf 84' lang='lat' dir='ltr'><strong>apernit</strong></span> <span class='ocrx_word' id='word_1_491' title='bbox 1345 3701 1399 3733; x_wconf 89' lang='lat' dir='ltr'><strong>cum</strong></span> <span class='ocrx_word' id='word_1_492' title='bbox 1414 3684 1502 3749; x_wconf 87' lang='lat' dir='ltr'><strong>pietate</strong></span> <span class='ocrx_word' id='word_1_493' title='bbox 1514 3683 1605 3732; x_wconf 89' lang='lat' dir='ltr'><strong>datum.</strong></span> 
     </span>
    </p>

    <p class='ocr_par' dir='ltr' id='par_1_38' title="bbox 1037 3767 1739 3919">
     <span class='ocr_line' id='line_1_85' title="bbox 1037 3767 1739 3835; baseline 0.006 -19"><span class='ocrx_word' id='word_1_494' title='bbox 1037 3769 1101 3831; x_wconf 87' lang='lat' dir='ltr'><strong>Quid</strong></span> <span class='ocrx_word' id='word_1_495' title='bbox 1115 3770 1158 3819; x_wconf 84' lang='lat' dir='ltr'><strong>ni?</strong></span> <span class='ocrx_word' id='word_1_496' title='bbox 1172 3771 1267 3835; x_wconf 91' lang='lat' dir='ltr'><strong>quando</strong></span> <span class='ocrx_word' id='word_1_497' title='bbox 1281 3770 1354 3818; x_wconf 87' lang='lat' dir='ltr'><strong>otiam</strong></span> <span class='ocrx_word' id='word_1_498' title='bbox 1366 3769 1432 3818; x_wconf 79' lang='lat' dir='ltr'><strong>lovis</strong></span> <span class='ocrx_word' id='word_1_499' title='bbox 1446 3767 1518 3834; x_wconf 82' lang='lat' dir='ltr'><strong>ipsius</strong></span> <span class='ocrx_word' id='word_1_500' title='bbox 1530 3784 1601 3817; x_wconf 81' lang='lat' dir='ltr'><strong>aurea</strong></span> <span class='ocrx_word' id='word_1_501' title='bbox 1615 3767 1739 3832; x_wconf 74' lang='lat' dir='ltr'><strong>librarat,</strong></span> 
     </span>
     <span class='ocr_line' id='line_1_86' title="bbox 1070 3853 1562 3919; baseline 0.002 -18"><span class='ocrx_word' id='word_1_502' title='bbox 1070 3853 1181 3902; x_wconf 71' lang='lat' dir='ltr'><strong>arbitriis</strong></span> <span class='ocrx_word' id='word_1_503' title='bbox 1195 3854 1268 3903; x_wconf 85' lang='lat' dir='ltr'><strong>vitam</strong></span> <span class='ocrx_word' id='word_1_504' title='bbox 1281 3870 1333 3919; x_wconf 81' lang='lat' dir='ltr'><strong>que</strong></span> <span class='ocrx_word' id='word_1_505' title='bbox 1344 3855 1404 3918; x_wconf 80' lang='lat' dir='ltr'><strong>regit</strong></span> <span class='ocrx_word' id='word_1_506' title='bbox 1418 3869 1486 3919; x_wconf 80' lang='lat' dir='ltr'><strong>equa</strong></span> <span class='ocrx_word' id='word_1_507' title='bbox 1496 3854 1562 3902; x_wconf 83' lang='lat' dir='ltr'><strong>suis:</strong></span> 
     </span>
    </p>

    <p class='ocr_par' dir='ltr' id='par_1_39' title="bbox 1035 3934 1606 4072">
     <span class='ocr_line' id='line_1_87' title="bbox 1035 3934 1604 4004; baseline 0 -20"><span class='ocrx_word' id='word_1_508' title='bbox 1035 3938 1144 4004; x_wconf 77' lang='lat' dir='ltr'><strong>luppiter·</strong></span> <span class='ocrx_word' id='word_1_509' title='bbox 1157 3957 1186 3986; x_wconf 73' lang='lat' dir='ltr'><strong>ee</strong></span> <span class='ocrx_word' id='word_1_510' title='bbox 1202 3957 1262 3986; x_wconf 77' lang='lat' dir='ltr'><strong>uitro</strong></span> <span class='ocrx_word' id='word_1_511' title='bbox 1275 3937 1354 3987; x_wconf 77' lang='lat' dir='ltr'><strong>larices</strong></span> <span class='ocrx_word' id='word_1_512' title='bbox 1366 3939 1488 3986; x_wconf 74' lang='lat' dir='ltr'><strong>examinat</strong></span> <span class='ocrx_word' id='word_1_513' title='bbox 1500 3934 1582 3986; x_wconf 78' lang='lat' dir='ltr'><strong>ambas</strong></span> <span class='ocrx_word' id='word_1_514' title='bbox 1595 3955 1604 3984; x_wconf 91' lang='lat'><em>:</em></span> 
     </span>
     <span class='ocr_line' id='line_1_88' title="bbox 1069 4020 1606 4072; baseline 0.006 -4"><span class='ocrx_word' id='word_1_515' title='bbox 1069 4022 1193 4069; x_wconf 76' lang='lat' dir='ltr'><strong>tttaeonidae</strong></span> <span class='ocrx_word' id='word_1_516' title='bbox 1207 4038 1253 4070; x_wconf 92' lang='lat' dir='ltr'><strong>non</strong></span> <span class='ocrx_word' id='word_1_517' title='bbox 1265 4020 1315 4070; x_wconf 73' lang='lat' dir='ltr'><strong>lucc</strong></span> <span class='ocrx_word' id='word_1_518' title='bbox 1333 4022 1411 4071; x_wconf 88' lang='lat' dir='ltr'><strong>dulcia</strong></span> <span class='ocrx_word' id='word_1_519' title='bbox 1426 4031 1505 4070; x_wconf 86' lang='lat' dir='ltr'><strong>urente</strong></span> <span class='ocrx_word' id='word_1_520' title='bbox 1522 4023 1606 4072; x_wconf 80' lang='lat' dir='ltr'><strong>tenes?</strong></span> 
     </span>
    </p>
   </div>
   <div class='ocr_carea' id='block_1_28' title="bbox 1324 4220 1524 4268">
    <p class='ocr_par' dir='ltr' id='par_1_40' title="bbox 1324 4220 1524 4268">
     <span class='ocr_line' id='line_1_89' title="bbox 1324 4220 1524 4268; baseline 0.015 -4"><span class='ocrx_word' id='word_1_521' title='bbox 1324 4220 1380 4268; x_wconf 81' lang='lat'>381.</span> <span class='ocrx_word' id='word_1_522' title='bbox 1399 4233 1524 4267; x_wconf 67' lang='grc' dir='ltr'>ιιιιιινιι.</span> 
     </span>
    </p>
   </div>
   <div class='ocr_carea' id='block_1_29' title="bbox 1035 4398 1778 4550">
    <p class='ocr_par' dir='ltr' id='par_1_41' title="bbox 1035 4398 1778 4550">
     <span class='ocr_line' id='line_1_90' title="bbox 1035 4398 1696 4467; baseline 0.006 -21"><span class='ocrx_word' id='word_1_523' title='bbox 1035 4402 1095 4447; x_wconf 87' lang='lat' dir='ltr'><strong>Fons</strong></span> <span class='ocrx_word' id='word_1_524' title='bbox 1114 4398 1154 4447; x_wconf 78' lang='lat' dir='ltr'><strong>irre</strong></span> <span class='ocrx_word' id='word_1_525' title='bbox 1168 4400 1254 4448; x_wconf 87' lang='lat' dir='ltr'><strong>mulier</strong></span> <span class='ocrx_word' id='word_1_526' title='bbox 1272 4416 1278 4449; x_wconf 79' lang='grc' dir='ltr'>ι</span> <span class='ocrx_word' id='word_1_527' title='bbox 1294 4401 1334 4449; x_wconf 85' lang='lat' dir='ltr'><strong>sed</strong></span> <span class='ocrx_word' id='word_1_528' title='bbox 1348 4399 1421 4451; x_wconf 86' lang='lat' dir='ltr'><strong>habet</strong></span> <span class='ocrx_word' id='word_1_529' title='bbox 1434 4402 1481 4450; x_wconf 92' lang='lat' dir='ltr'><strong>duo</strong></span> <span class='ocrx_word' id='word_1_530' title='bbox 1496 4411 1604 4467; x_wconf 86' lang='lat' dir='ltr'><strong>tempora</strong></span> <span class='ocrx_word' id='word_1_531' title='bbox 1620 4402 1672 4451; x_wconf 82' lang='lat' dir='ltr'><strong>leta</strong></span> <span class='ocrx_word' id='word_1_532' title='bbox 1689 4414 1696 4450; x_wconf 94' lang='lat'><strong>:</strong></span> 
     </span>
     <span class='ocr_line' id='line_1_91' title="bbox 1067 4482 1778 4550; baseline 0.001 -19"><span class='ocrx_word' id='word_1_533' title='bbox 1067 4484 1127 4532; x_wconf 86' lang='lat' dir='ltr'><strong>Cum</strong></span> <span class='ocrx_word' id='word_1_534' title='bbox 1143 4482 1241 4532; x_wconf 76' lang='lat' dir='ltr'><strong>venitin</strong></span> <span class='ocrx_word' id='word_1_535' title='bbox 1260 4482 1405 4547; x_wconf 85' lang='lat' dir='ltr'><strong>thalamum,</strong></span> <span class='ocrx_word' id='word_1_536' title='bbox 1422 4500 1526 4550; x_wconf 82' lang='lat' dir='ltr'><strong>numque</strong></span> <span class='ocrx_word' id='word_1_537' title='bbox 1541 4484 1592 4535; x_wconf 90' lang='lat' dir='ltr'><strong>abit</strong></span> <span class='ocrx_word' id='word_1_538' title='bbox 1607 4484 1631 4534; x_wconf 93' lang='lat' dir='ltr'><strong>in</strong></span> <span class='ocrx_word' id='word_1_539' title='bbox 1648 4485 1778 4538; x_wconf 73' lang='lat' dir='ltr'><strong>tumulum.</strong></span> 
     </span>
    </p>
   </div>
   <div class='ocr_carea' id='block_1_30' title="bbox 1240 4681 1608 4727">
    <p class='ocr_par' dir='ltr' id='par_1_42' title="bbox 1240 4681 1608 4727">
     <span class='ocr_line' id='line_1_92' title="bbox 1240 4681 1608 4727; baseline 0 -2"><span class='ocrx_word' id='word_1_540' title='bbox 1240 4681 1297 4726; x_wconf 75' lang='lat'><strong>382.</strong></span> <span class='ocrx_word' id='word_1_541' title='bbox 1318 4693 1431 4726; x_wconf 81' lang='grc' dir='ltr'>κοιτιιυι</span> <span class='ocrx_word' id='word_1_542' title='bbox 1447 4695 1608 4727; x_wconf 70' lang='lat' dir='ltr'><strong>sonorasrrcr.</strong></span> 
     </span>
    </p>
   </div>
   <div class='ocr_carea' id='block_1_31' title="bbox 1029 4857 1732 5260">
    <p class='ocr_par' dir='ltr' id='par_1_43' title="bbox 1031 4857 1732 5005">
     <span class='ocr_line' id='line_1_93' title="bbox 1031 4857 1732 4925; baseline 0.001 -20"><span class='ocrx_word' id='word_1_543' title='bbox 1031 4862 1058 4906; x_wconf 90' lang='lat' dir='ltr'><strong>In</strong></span> <span class='ocrx_word' id='word_1_544' title='bbox 1074 4857 1139 4905; x_wconf 83' lang='lat' dir='ltr'><strong>lehre</strong></span> <span class='ocrx_word' id='word_1_545' title='bbox 1155 4858 1288 4907; x_wconf 73' lang='lat' dir='ltr'><strong>Alciurenes</strong></span> <span class='ocrx_word' id='word_1_546' title='bbox 1303 4859 1404 4907; x_wconf 87' lang='lat' dir='ltr'><strong>torrenti</strong></span> <span class='ocrx_word' id='word_1_547' title='bbox 1419 4857 1526 4908; x_wconf 89' lang='lat' dir='ltr'><strong>membra</strong></span> <span class='ocrx_word' id='word_1_548' title='bbox 1538 4858 1647 4925; x_wconf 82' lang='lat' dir='ltr'><strong>jacebat,</strong></span> <span class='ocrx_word' id='word_1_549' title='bbox 1723 4901 1732 4923; x_wconf 67' lang='lat'><strong>,</strong></span> 
     </span>
     <span class='ocr_line' id='line_1_94' title="bbox 1063 4945 1572 5005; baseline 0.004 -16"><span class='ocrx_word' id='word_1_550' title='bbox 1063 4945 1092 4989; x_wconf 83' lang='lat' dir='ltr'><strong>Et</strong></span> <span class='ocrx_word' id='word_1_551' title='bbox 1106 4958 1176 4990; x_wconf 84' lang='lat' dir='ltr'><strong>sonus</strong></span> <span class='ocrx_word' id='word_1_552' title='bbox 1191 4946 1290 5005; x_wconf 76' lang='lat' dir='ltr'><strong>angusto</strong></span> <span class='ocrx_word' id='word_1_553' title='bbox 1302 4950 1397 5005; x_wconf 80' lang='lat' dir='ltr'><strong>gutture</strong></span> <span class='ocrx_word' id='word_1_554' title='bbox 1410 4952 1495 4991; x_wconf 82' lang='lat' dir='ltr'><strong>raucus</strong></span> <span class='ocrx_word' id='word_1_555' title='bbox 1506 4950 1572 5004; x_wconf 85' lang='lat' dir='ltr'><strong>erat;</strong></span> 
     </span>
    </p>

    <p class='ocr_par' dir='ltr' id='par_1_44' title="bbox 1029 5026 1704 5173">
     <span class='ocr_line' id='line_1_95' title="bbox 1029 5026 1704 5095; baseline -0.001 -21"><span class='ocrx_word' id='word_1_556' title='bbox 1029 5029 1058 5074; x_wconf 88' lang='lat' dir='ltr'><strong>Et</strong></span> <span class='ocrx_word' id='word_1_557' title='bbox 1072 5027 1132 5074; x_wconf 83' lang='lat' dir='ltr'><strong>laius</strong></span> <span class='ocrx_word' id='word_1_558' title='bbox 1149 5026 1210 5075; x_wconf 90' lang='lat' dir='ltr'><strong>haud</strong></span> <span class='ocrx_word' id='word_1_559' title='bbox 1229 5028 1299 5076; x_wconf 75' lang='lat' dir='ltr'><strong>aliter</strong></span> <span class='ocrx_word' id='word_1_560' title='bbox 1311 5043 1380 5092; x_wconf 86' lang='lat' dir='ltr'><strong>quant</strong></span> <span class='ocrx_word' id='word_1_561' title='bbox 1395 5028 1451 5077; x_wconf 79' lang='lat' dir='ltr'><strong>lcrri</strong></span> <span class='ocrx_word' id='word_1_562' title='bbox 1464 5029 1560 5095; x_wconf 80' lang='lat' dir='ltr'><strong>cuspide</strong></span> <span class='ocrx_word' id='word_1_563' title='bbox 1573 5034 1704 5093; x_wconf 85' lang='lat' dir='ltr'><strong>punctuct,</strong></span> 
     </span>
     <span class='ocr_line' id='line_1_96' title="bbox 1062 5109 1548 5173; baseline 0.006 -16"><span class='ocrx_word' id='word_1_564' title='bbox 1062 5109 1163 5173; x_wconf 85' lang='lat' dir='ltr'><strong>Spiritus</strong></span> <span class='ocrx_word' id='word_1_565' title='bbox 1178 5120 1201 5158; x_wconf 87' lang='lat' dir='ltr'><strong>ct</strong></span> <span class='ocrx_word' id='word_1_566' title='bbox 1215 5109 1280 5159; x_wconf 88' lang='lat' dir='ltr'><strong>duris</strong></span> <span class='ocrx_word' id='word_1_567' title='bbox 1291 5111 1376 5159; x_wconf 74' lang='lat' dir='ltr'><strong>creber</strong></span> <span class='ocrx_word' id='word_1_568' title='bbox 1390 5110 1548 5172; x_wconf 73' lang='lat' dir='ltr'><strong>nrrltelitlhus3</strong></span> 
     </span>
    </p>

    <p class='ocr_par' dir='ltr' id='par_1_45' title="bbox 1029 5193 1610 5260">
     <span class='ocr_line' id='line_1_97' title="bbox 1029 5193 1610 5260; baseline -0.002 -18"><span class='ocrx_word' id='word_1_569' title='bbox 1029 5193 1175 5255; x_wconf 81' lang='lat' dir='ltr'><strong>Callignotus</strong></span> <span class='ocrx_word' id='word_1_570' title='bbox 1187 5195 1251 5243; x_wconf 77' lang='lat' dir='ltr'><strong>adest</strong></span> <span class='ocrx_word' id='word_1_571' title='bbox 1265 5196 1341 5250; x_wconf 82' lang='lat' dir='ltr'><strong>Cous,</strong></span> <span class='ocrx_word' id='word_1_572' title='bbox 1354 5196 1392 5243; x_wconf 86' lang='lat' dir='ltr'><strong>cui</strong></span> <span class='ocrx_word' id='word_1_573' title='bbox 1411 5196 1504 5260; x_wconf 79' lang='lat' dir='ltr'><strong>garrula</strong></span> <span class='ocrx_word' id='word_1_574' title='bbox 1517 5195 1610 5259; x_wconf 76' lang='lat' dir='ltr'><strong>lingua,</strong></span> 
     </span>
    </p>
   </div>
   <div class='ocr_carea' id='block_1_32' title="bbox 0 0 1910 5910">
    <p class='ocr_par' dir='ltr' id='par_1_46' title="bbox 0 0 1910 5910">
     <span class='ocr_line' id='line_1_98' title="bbox 0 0 1910 5910; baseline 0 7"><span class='ocrx_word' id='word_1_575' title='bbox 0 0 1910 5910; x_wconf 95' lang='lat' dir='ltr'><strong> </strong></span> 
     </span>
    </p>
   </div>
  </div>
 </body>
</html>
