3810 5910
691 401 725 460 ru
750 362 875 460 carui·
892 397 934 455 rx
958 395 1185 456 susurnam.

112 533 184 590 Quod
202 548 278 595 quum
301 533 412 583 videatur
432 535 537 594 talsuru,
555 533 577 584 si
596 532 627 583 ad
647 545 732 584 omnes
751 530 897 582 extendatur

111 618 196 663 senes,
223 605 325 667 prefero
349 605 453 654 atterum
474 605 565 655 lemma
580 622 586 653 ι
603 606 640 659 El:
661 605 758 665 γέροντα
778 602 895 664 ὀξύχολον.

111 673 228 722 hectaria
241 673 266 722 in
282 673 463 724 miscellaneis:
484 693 496 716 ι
513 674 549 723 tes
568 673 707 723 curatores
719 675 778 723 scat
796 683 896 722 comme

110 744 147 792 trs
163 748 237 802 ca'rrs,⁸
247 745 279 793 its
299 757 327 793 se
339 749 505 808 corrompant
520 760 554 795 ou
570 759 597 794 se
607 743 829 810 perfectioaaeat.
842 762 854 784 ιι
867 771 897 782 -

114 823 133 863 i.
157 835 168 857 ιι
193 815 337 864 Eiunrbibus
360 817 468 865 numeris
491 815 673 878 quodammodo
696 814 816 864 medearis
837 826 898 862 mee

111 888 192 948 μικρὸν
206 889 261 948 post
274 888 302 934 ἂν
315 887 403 950 posita.
417 908 427 927 ιι
443 889 497 936 dac.
510 891 563 935 -3
584 887 620 937 sic
638 888 682 935 RS.
701 888 727 937 et
741 883 802 934 Cod.
821 884 896 935 altero

109 957 178 1015 Ice0;
194 956 234 1005 hte
253 956 327 1012 οὕτως
344 957 453 1017 ducati„
470 958 534 1006 I'Ian.
553 959 625 1012 οὕτως
644 957 707 1004 ἀντλ.
721 958 778 1002 -i
794 954 896 1014 γίγνεται

112 1027 179 1075 Plau.

142 1160 271 1208 CXXVIII.
289 1162 390 1209 Lemma
405 1181 410 1208 z
426 1162 457 1214 εἰς
471 1160 584 1222 δράκοντα
594 1159 706 1207 ἐκπιόντα
715 1157 821 1220 ποταμὸν
831 1158 893 1204 ὅλον.

112 1252 122 1271 ιι
138 1233 165 1279 br
185 1243 268 1294 apogr.
287 1235 339 1279 Par.
349 1231 466 1293 junctum
481 1245 538 1280 cum
558 1231 634 1294 epigr.
648 1229 774 1293 sequenti,
789 1232 818 1278 ut
833 1233 858 1278 et
870 1228 896 1277 in

114 1300 181 1349 Plan.
199 1330 229 1341 -
247 1308 269 1349 a.
290 1300 330 1350 Sic
350 1300 413 1350 «lixit
439 1302 533 1350 Statius
559 1300 753 1364 pulverulenta
773 1299 895 1362 Ῑὶυινιίιια.

111 1372 182 1419 dont.
200 1385 254 1421 mea
268 1370 300 1421 ad
316 1371 429 1422 Philostr.
445 1373 504 1421 lter.
516 1383 544 1434 p.
556 1376 610 1421 333.
624 1391 633 1413 ι
647 1372 679 1420 B.

143 1506 246 1554 CXXIX.
260 1507 381 1554 Lemma:
399 1506 431 1560 εἰς
442 1506 482 1553 τὸν
496 1506 568 1553 αὐτὸν
578 1505 674 1564 ὁμοίως.
690 1506 722 1554 Et
736 1502 761 1552 in
777 1516 841 1553 nova
852 1515 895 1565 pa-

111 1573 166 1636 giua
183 1573 215 1622 ad
233 1588 256 1621 r.
266 1578 280 1624 I
292 1588 299 1617 ι
318 1576 350 1630 είς
362 1577 402 1622 τὸν
418 1576 443 1623 ἐν
454 1577 532 1624 Πυθοῖ
545 1576 669 1639 δράκοντα.
681 1577 711 1624 at
721 1574 747 1624 in
757 1587 835 1638 marg.
848 1591 855 1623 ι
866 1575 897 1627 είς

111 1649 150 1692 τὸν
163 1645 232 1692 adrev
247 1646 368 1707 δράκοντα.
384 1650 483 1695 Lemlm
496 1645 562 1695 Plan.
575 1683 581 1695 .
596 1648 711 1708 Νέστορος
719 1648 752 1701 εἰς
760 1646 802 1694 τὸν
812 1646 898 1694 Πύθιον

112 1716 239 1778 δράκοντα.
250 1743 280 1752 -
293 1722 302 1766 1
312 1719 339 1765 τὸ
349 1717 369 1766 δ’
379 1717 407 1777 ἢν
421 1718 454 1765 ἔτι
464 1719 509 1766 IIS.
521 1721 547 1767 et
560 1719 638 1777 Plan..
647 1717 676 1777 ἦν
690 1717 715 1767 in
728 1715 818 1767 Codice
826 1715 899 1765 omis·

112 1799 175 1834 sum.
187 1811 218 1822 —
230 1789 269 1834 οδ
287 1788 337 1849 ap.
360 1789 489 1841 omneszd
508 1788 585 1837 Boiss.
603 1801 632 1837 ex
653 1786 693 1837 ed.
713 1787 810 1845 Wech.·‚
832 1790 898 1847 γένυν

112 1856 174 1905 Cod.
186 1858 341 1921 superpcsIto
351 1857 445 1907 ultimis
455 1876 484 1907 ει.
494 1884 526 1894 -
535 1864 550 1909 3
561 1860 676 1920 κηρισοὸς
688 1861 715 1909 et
723 1871 748 1907 v.
758 1865 772 1908 5
782 1858 898 1914 κηφισσδν

112 1927 183 1984 Cod.;
194 1941 244 1977 uno
257 1948 272 1976 σ
284 1931 340 1988 lis„
358 1930 435 1989 Plan,
448 1929 516 1988 edd.3
531 1929 592 1979 illud
610 1928 744 1980 reducebat
763 1928 852 1984 Boisss,
862 1931 896 1977 el·

112 2000 198 2058 adipem
210 2012 259 2047 una
276 2013 336 2048 rece
357 2002 402 2048 ltS.
419 2001 447 2049 In
460 2013 538 2064 marg.
552 1999 613 2049 cod.
626 2004 658 2058 ιὴ
672 2001 731 2057 airh
745 1999 830 2048 ἔννοια.
845 2001 897 2047 Nu·

113 2069 173 2117 meri
187 2069 304 2132 Impediti.
323 2091 333 2112 ι
356 2073 381 2118 ln
395 2073 499 2130 itamar:
514 2071 635 2120 ultimant
649 2083 732 2121 arseos
744 2069 897 2133 producitur,

114 2139 160 2188 utri
175 2140 239 2189 torte
250 2139 408 2191 scribendum
423 2161 430 2189 z
443 2147 489 2196 πᾶς
503 2143 523 2190 δ’
536 2143 580 2200 οίρα
594 2145 616 2190 ot
629 2143 733 2205 Κηφισὸς
745 2141 793 2190 ἔσω
809 2141 868 2204 θέεν.
886 2162 896 2182 ιι

113 2214 167 2260 7ιισ.

144 2345 239 2393 CXXX.
256 2347 375 2394 Lemma:
390 2347 422 2400 είς
440 2345 517 2393 ἐλαίαν
537 2344 592 2404 (sic)
612 2344 774 2405 βαστάζουσαι
793 2344 897 2405 ἄμπελον

112 2416 152 2462 izi
165 2416 310 2476 θλιδομένην.
323 2435 334 2458 ιι
348 2416 416 2471 Olea,
424 2415 515 2465 Palladi
525 2429 594 2465 sacra
605 2415 751 2476 arbor,vitis
760 2414 899 2477 complexus

113 2485 266 2547 deprecatur.
275 2512 307 2521 —
319 2493 340 2535 1.
355 2487 444 2543 θλίδω,
456 2485 596 2548 ambiguum
609 2485 721 2546 verbum,
731 2487 761 2535 ut
771 2497 859 2546 urgeo,
868 2485 898 2534 de

112 2569 162 2617 quo
183 2555 356 2607 ltitscherlicb.
376 2555 408 2605 ad
420 2558 504 2606 Horat.
516 2558 598 2605 Cama.
607 2559 628 2616 l,
641 2555 682 2605 cd.
693 2564 717 2617 5,
737 2563 760 2606 7.
774 2575 786 2600 ν
800 2556 856 2606 Jcc.
868 2583 899 2594 -

113 2633 127 2673 2
139 2627 214 2675 atsere
224 2627 291 2676 Plan.

145 2759 249 2809 CXXXI.
267 2761 368 2809 Lemma
386 2780 391 2807 ι
408 2762 440 2815 εἰς
458 2760 547 2818 πεύκην
568 2761 614 2808 ὑπὸ
631 2759 723 2823 ἀνέμων
740 2759 837 2824 (ἀνέμου
857 2772 896 2821 ap.

114 2828 200 2887 Saim.)
211 2831 353 2877 κλασθεῖσαν
363 2831 386 2877 ἐν
397 2831 475 2892 δρισιν
485 2833 524 2878 καὶ
543 2832 600 2892 μετὰ
611 2835 685 2879 ταῦτα
697 2834 753 2879 ναῦν
766 2837 896 2890 γεγονυῖαι.

116 2896 183 2944 Idem
199 2901 370 2960 argumentum
385 2913 424 2962 ep.
438 2903 493 2949 376.
511 2926 537 2934 -
562 2906 570 2948 t
591 2901 675 2954 υίέτιος
687 2900 749 2949 cod.
764 2920 776 2941 ιι
793 2903 898 2957 Blaesis

113 2967 190 3019 πίτυν,
205 2967 255 3016 vid.
271 2968 302 3017 ad
316 2983 354 3033 ep.
367 2973 421 3030 733,
434 2978 481 3020 δ.»
501 2972 531 3018 B.
541 2997 571 3005 -
587 2978 600 3020 2
619 2971 750 3025 ἐξεκύλισσε
764 2970 835 3028 eod,
854 2970 898 3020 sed

114 3043 180 3090 recte
193 3039 292 3090 οοδίοεε
308 3043 375 3091 Plan.
390 3056 428 3105 ap.
444 3042 547 3092 brunei.
558 3046 622 3092 -ί,
638 3042 752 3093 Horatius
769 3043 793 3091 in
813 3042 897 3091 cartem

115 3125 140 3160 re
155 3132 162 3160 ε
176 3112 274 3161 declax
285 3115 375 3161 omnio
384 3115 488 3175 perpeti
499 3126 560 3175 geru
570 3111 698 3163 Ιιιιοισιιο.

146 3245 260 3294 CXXXII.
277 3246 376 3293 Lemma
396 3247 450 3300 ιεὶς
463 3245 602 3294 Ἱππόλυτον
619 3247 659 3294 καί
673 3246 776 3305 Φαίδραν
789 3248 830 3302 τήν
848 3249 896 3303 Θη-

114 3316 174 3368 σέως
188 3322 297 3374 γυναῖκα·
312 3317 352 3363 καί
366 3316 401 3362 δτι
417 3317 484 3376 ὁμὲν
498 3317 536 3364 διὰ
553 3316 713 3378 σωφροσύνην,
722 3319 737 3373 ἡ
746 3316 771 3364 δὲ
784 3316 814 3362 δι’
825 3315 899 3378 ἔρωτα

114 3386 268 3442 ἐτελεύτησεν.
295 3407 306 3427 ι
322 3389 365 3435 ast
380 3387 404 3435 in
418 3386 508 3437 stobei
523 3387 573 3436 Eoi.
585 3387 626 3437 tii.
638 3394 661 3448 5,
678 3400 703 3449 p.
717 3391 759 3437 136
774 3386 871 3435 Schow.
887 3407 897 3427 ιι

117 3457 146 3503 lt.
160 3454 283 3518 Scriptum
305 3456 410 3505 tortasse
423 3456 448 3505 in
462 3456 571 3506 tabulam
588 3457 690 3520 pictam,
705 3456 861 3520 Hippolytum
875 3461 899 3506 et

118 3525 246 3574 Phaedram
260 3525 424 3575 exhibentem.
438 3529 493 3576 luc.
506 3558 535 3567 -
550 3533 564 3576 t
577 3527 597 3575 δ’
611 3528 686 3588 ἀγανὴ
706 3531 789 3586 πίοιεν
805 3543 899 3588 σωφρο-

115 3597 173 3654 σύνη
182 3595 254 3653 coda
266 3594 290 3644 in
300 3609 381 3660 apogr.
394 3600 448 3645 Par.
459 3598 527 3647 este·
538 3599 606 3659 ἁγνή,
619 3611 659 3660 ap.
672 3597 897 3658 8ο1ιιιοι.δ“ἀγσνή.

146 3728 273 3776 CXXXIII.
293 3730 407 3777 Lemma:
420 3728 558 3778 ἀδέσποτον
575 3730 663 3786 ἄδηλον,
674 3728 738 3790 (aiei
753 3731 832 3786 εἷςτον
846 3732 899 3789 μὲλ-

115 3800 184 3844 >nora
197 3799 231 3851 δὶς
247 3804 331 3859 γαμεῖν
346 3797 485 3858 παραίνεσις.
502 3818 512 3840 ιι
525 3798 616 3848 GaIIiee
631 3800 704 3848 venit
714 3797 812 3849 CIrardo
823 3800 898 3849 hoeIr.

117 3868 215 3917 hiisrelt.
224 3871 241 3917 t.
253 3871 296 3925 lll,
304 3882 328 3931 p.
339 3873 377 3928 74,
385 3872 409 3918 et
418 3869 502 3919 multis
511 3869 627 3919 illustrat.
635 3896 664 3905 —
675 3878 695 3919 1.
705 3869 785 3920 ScboI.
797 3869 882 3920 Wecb.
893 3892 898 3918 :

116 3939 274 3994 Ἱππώνακτος
287 3943 318 3994 ὡς
330 3940 442 3988 Στοδαῖον
452 3953 490 3999 tan
505 3941 536 3996 εἰς
548 3943 600 3989 Ec?
610 3941 699 3989 melius
710 3944 772 4003 παρὰ
784 3944 898 4004 arcta-:p

115 4009 184 4059 stoh.
197 4012 306 4068 axvm,
320 4014 348 4067 8:
360 4024 399 4074 ap.
410 4010 534 4061 Welcirer.
547 4012 577 4060 tr.
591 4017 626 4072 12,
637 4025 660 4074 p,
673 4012 722 4072 41)·

179 4141 221 4190 Δύ*
233 4143 317 4202 ἡμέραι
331 4142 439 4201 γυναικός
451 4144 510 4191 εἰσιν
522 4144 624 4200 ἥδισται·

177 4211 251 4259 Ὅταν
261 4215 327 4273 γαμῇ
337 4228 371 4264 τις
380 4211 484 4274 adaptem
492 4214 638 4269 τεθνηκυῖαν.
651 4230 663 4253 ¹»

118 4327 198 4375 Boias.
211 4326 297 4373 Διώκοι
311 4324 365 4373 cod.
377 4323 484 4379 arhons.

151 4450 273 4507 CXXXIV,
289 4449 404 4498 CXXXV.
416 4451 514 4497 Lenuna
523 4467 529 4496 ι
539 4451 569 4503 εἰς
579 4450 620 4507 τὴν
629 4450 702 4512 τύχην
709 4451 748 4498 καὶ
755 4451 797 4507 τήν
808 4450 897 4500 ἐλπίδα·

117 4521 152 4568 ὃτι
165 4520 262 4567 tetam
271 4519 398 4580 πράγματα
408 4519 539 4580 ἀμφύτερα,
550 4521 589 4568 καὶ
600 4521 634 4568 ὅτι
647 4523 670 4570 ct
679 4521 736 4583 πρδτ
746 4525 822 4570 ταῦτα
831 4539 899 4586 κεχη-

118 4590 180 4644 νότες
200 4590 295 4645 ἑαυτοὺς
312 4591 474 4646 διαπαίζουσιν
496 4595 577 4655 ὥσπερ
596 4593 789 4656 θνειρὼσσοντες·
800 4594 899 4659 ἀποτρέ·

121 4677 186 4707 astar
201 4659 241 4708 οὗν
256 4659 373 4721 ἀμφύτερα
387 4663 425 4708 διὰ
439 4664 509 4719 τῆσδε
520 4670 560 4717 τίς
569 4665 735 4726 παραινέσεως.
749 4667 897 4714 'desererer'

119 4731 204 4786 νομίζω
214 4733 234 4779 δ’
243 4732 278 4780 ὅτι
292 4734 406 4782 naalma
423 4735 471 4781 ἐστὶ
483 4738 524 4782 τοῦ
536 4735 705 4796 Ἀλεξανδρέως.
717 4735 764 4783 Cui
781 4735 898 4787 Inscribe-

119 4800 177 4849 bant
189 4802 292 4850 Brunch.
312 4804 337 4851 et
354 4803 418 4861 lae,
431 4802 473 4866 qui
488 4804 512 4852 in
527 4802 588 4852 add.
603 4803 686 4853 reduci
701 4803 777 4865 iussit
790 4806 875 4862 ἄδηλον
890 4824 896 4854 z

119 4893 129 4911 ι
145 4885 200 4920 nam
215 4871 328 4922 meliores
343 4886 430 4923 versus
448 4873 566 4937 pangebat
588 4873 705 4923 Palladas.
720 4875 899 4937 SepulcraIibus

117 4941 295 4994 accensendum
315 4948 383 5005 puto.
400 4946 538 4994 Defunctus
551 4943 597 4994 sih
610 4946 745 5008 gratulatur
759 4945 825 5007 quod
838 4948 895 4996 Fer·

119 5017 184 5061 tuna
199 5017 224 5061 et
236 5014 291 5075 spei
304 5013 416 5064 ludibriis
428 5030 474 5063 nou
493 5014 598 5076 amplius
611 5015 736 5077 expositus
756 5016 797 5065 sit.
810 5037 821 5059 ιι
837 5021 895 5067 tac.

119 5082 208 5133 erdem
221 5083 340 5134 sententia
351 5088 377 5134 et
389 5086 477 5148 partim
491 5084 566 5136 rerba
576 5084 600 5134 in
612 5084 686 5149 epigr.
694 5089 725 5136 te
735 5088 762 5136 et
772 5090 823 5146 172,
833 5102 895 5150 quo·

119 5167 172 5202 rum
187 5158 297 5204 nostrum
310 5154 409 5205 ridetur
419 5155 577 5221 amplificatio
590 5169 654 5206 esse.
666 5183 696 5193 -
714 5165 728 5208 2
744 5159 896 5222 ἐπιτρέπσμαι

119 5222 143 5270 ἰιι
155 5237 237 5284 apogr.
254 5227 306 5272 Par.
322 5257 346 5264 -
358 5230 372 5270 3
385 5228 495 5289 napinam
515 5225 576 5274 cod.
594 5228 754 5283 Πολνπλανέες
769 5228 896 5278 transitiva

226 5322 373 5356 irritamen.
391 5323 414 5358 h.

1663 398 1719 456 ἰ’Π

941 529 1022 594 signis.
1030 538 1082 581 -5
1095 534 1126 584 rb:
1139 531 1162 578 ἐν
1171 531 1238 591 ύπνῳ
1250 529 1327 588 Plana
1338 530 1377 578 σία
1387 547 1412 578 τε
1423 530 1478 579 όντα
1491 531 1550 581 Cod.
1563 560 1594 570 ··-
1604 540 1618 581 a
1627 538 1720 584 πολυώ-

940 603 986 649 δινε
996 601 1057 651 cod.
1071 601 1152 666 Ἐδρε,
1167 602 1230 658 καιιθ,
1242 602 1313 660 γλήνη
1324 614 1354 650 ex
1367 603 1437 651 Heln.
1453 602 1481 652 II.
1493 607 1523 662 e,
1537 609 1589 656 tec.
1599 633 1628 642 —
1640 612 1653 656 7
1665 611 1721 656 παί-

940 676 1015 732 ζοντε,
1026 672 1074 721 Iera
1087 674 1113 733 (i.
1125 670 1211 735 Salm.)
1221 676 1307 720 θέλοιτε
1317 674 1357 728 οὓς
1367 673 1437 730 Cod.;
1454 676 1571 735 παίζοντε,
1590 683 1722 739 στροσέοιτε

940 741 1010 796 ὅσοις
1027 742 1094 791 Plan.
1113 740 1221 791 Jacobsii
1236 742 1412 792 correctionem
1429 756 1458 805 er
1478 743 1589 796 addend.
1606 763 1628 810 p.
1645 752 1723 799 Lvlll

941 811 1032 874 recepit
1046 811 1124 862 Boias·
1134 841 1166 853 -
1176 817 1191 863 s
1201 813 1288 876 clpam
1302 812 1361 862 Cod.
1380 833 1391 855 ι
1407 814 1466 864 Post
1478 815 1544 865 hunc
1556 830 1655 868 versum
1671 821 1721 883 epi·

940 901 1049 951 gramma
1072 893 1115 940 135
1137 889 1261 940 inchoavit
1283 890 1412 942 Jacobsius
1435 891 1502 955 [cum
1523 897 1666 961 Bruncliot,
1680 899 1723 948 sed

940 963 1024 1009 mritra
1036 960 1134 1010 codidie
1153 960 1230 1024 ipatus
1242 960 1330 1022 tidem,
1340 962 1365 1012 in
1384 976 1435 1026 quo
1448 963 1605 1016 continuatur
1619 968 1671 1018 sine
1684 969 1723 1019 di·

941 1029 1033 1079 visione
1046 1031 1160 1081 undecim
1169 1044 1287 1082 versuum
1296 1033 1381 1083 series.
1393 1036 1518 1097 chumus
1531 1050 1584 1087 sum
1598 1039 1722 1099 CodIcem

939 1115 1016 1162 rreum
1030 1116 1062 1152 ex
1073 1101 1128 1165 ipsa
1141 1103 1294 1164 separatione
1305 1103 1365 1154 nihii
1376 1119 1478 1169 prorsus
1490 1107 1581 1160 rediret
1592 1110 1662 1159 lucri.
1675 1111 1723 1161 Sed

940 1172 1035 1222 servari
1048 1187 1188 1234 numerum,
1202 1179 1303 1239 propter
1315 1180 1441 1239 receptum
1452 1191 1546 1229 morem
1558 1192 1675 1231 numeros
1688 1182 1722 1232 ci·

939 1245 1008 1294 tandi
1019 1245 1186 1296 lacobsianos.
1197 1249 1257 1297 Post
1271 1245 1395 1298 decimum
1408 1262 1506 1300 versum
1523 1250 1669 1302 undectmus
1682 1267 1722 1304 se·

939 1314 1024 1377 quiiur
1037 1316 1061 1365 in
1075 1316 1166 1366 codice
1180 1321 1205 1367 et
1217 1316 1323 1369 edItione
1338 1339 1345 1368 ι

1003 1467 1081 1530 Γράθε
1089 1469 1138 1529 τί;;
1150 1469 1201 1517 cide
1216 1469 1281 1525 θεὸς·
1293 1471 1353 1526 τίνος
1366 1473 1464 1534 siveram
1474 1473 1521 1521 οἶδε
1530 1475 1571 1522 καὶ
1581 1474 1659 1531 αύτὰς.

942 1602 1014 1653 ltlum
1025 1602 1119 1665 deleri;
1134 1609 1174 1657 est
1186 1607 1251 1657 enirn
1265 1608 1337 1659 lusus
1352 1609 1493 1673 glossatoris
1505 1612 1549 1674 qui
1565 1613 1597 1663 dc
1616 1614 1724 1664 auctoris

941 1673 1037 1725 nominc
1049 1677 1075 1725 et
1085 1676 1224 1739 poematioli
1235 1678 1453 1742 remunerabat.-
1462 1683 1494 1731 B.
1503 1681 1572 1732 idem
1585 1683 1662 1733 sensit
1670 1686 1722 1734 lac.

940 1744 971 1793 dc
988 1757 1059 1796 rersu
1075 1749 1238 1799 lateranas
1250 1752 1277 1798 et
1290 1754 1318 1800 ιο
1328 1749 1420 1802 absum
1431 1766 1446 1802 a
1458 1752 1526 1802 Plan.
1536 1780 1569 1790 —
1580 1759 1608 1804 ιο
1618 1756 1672 1804 οὐδὲ
1685 1773 1722 1817 pr·

940 1816 1014 1864 λσῡσα
1027 1815 1162 1934 οιλιιίοίοιοι
1170 1818 1274 1869 Botbius
1284 1840 1291 1870 ι
1303 1840 1315 1864 ι
1327 1833 1362 1870 πε
1370 1824 1480 1886 συρίσαι
1488 1822 1595 1886 quidem
1605 1825 1661 1887 pius
1670 1837 1724 1876 esse

941 1899 1015 1948 quam
1027 1904 1045 1934 π
1059 1904 1112 1945 ανη.
1127 1906 1140 1930 ιι

973 2028 1098 2078 CXXXVI.
1119 2031 1221 2080 Lemma
1236 2043 1242 2072 ²
1262 2033 1338 2094 Κύρου
1352 2037 1395 2081 τοῦ
1413 2033 1515 2095 μεγάλου
1526 2043 1641 2096 ποιητοῦ,
1654 2037 1724 2095 ἡνίκα

942 2098 1036 2156 ἔμελλεν
1046 2100 1185 2156 ἑξορίζεσθαι
1194 2102 1222 2149 ἐκ
1232 2108 1272 2158 τῆς
1282 2104 1385 2159 πόλεως,
1397 2106 1475 2167 θρῆνος
1487 2106 1515 2155 ὃν
1527 2107 1578 2156 εἶπε
1594 2110 1650 2172 πρὸς
1665 2111 1724 2172 αὐτῇ

941 2175 969 2231 τῇ
978 2171 1039 2231 πύλη
1049 2176 1089 2228 τῆς
1097 2171 1252 2231 ἀκροπόλεως.
1260 2174 1398 2224 Consularis
1406 2179 1439 2236 et,
1447 2176 1586 2239 atridetur,
1593 2180 1726 2242 prefectus

942 2238 1011 2289 urbis
1033 2241 1288 2306 constantinopoleos,
1303 2244 1413 2308 inprimis
1433 2250 1517 2310 gratus
1538 2250 1653 2302 Eudociaa
1673 2258 1724 2303 Au·
1789 2260 1792 2267 '

941 2314 1028 2371 gusta,
1041 2312 1171 2361 Theodosii
1188 2313 1292 2376 junioris
1304 2316 1409 2378 conjugi,
1420 2331 1470 2379 qua
1483 2318 1651 2382 Hierosolyma
1667 2335 1723 2385 pro-

942 2382 1006 2430 tecta
1017 2381 1160 2445 dignitatern
1171 2397 1240 2433 suam
1254 2386 1336 2435 amisit
1349 2391 1374 2436 ct
1389 2387 1526 2437 inexilium
1543 2390 1611 2440 abire
1625 2396 1725 2442 coactus

942 2456 988 2502 cst.
1002 2456 1030 2503 lu
1041 2455 1106 2504 Plan.
1120 2457 1214 2513 ἄδηλον.
1227 2477 1239 2500 ιι
1250 2459 1374 2520 Tanquam
1390 2459 1491 2510 Moschi
1501 2459 1546 2509 hos
1556 2474 1642 2511 versus
1651 2463 1726 2511 Theo

941 2523 1025 2574 criteis
1034 2523 1160 2588 subjunxit
1172 2526 1315 2580 Valckenar.
1323 2543 1346 2592 p.
1355 2532 1410 2579 380.
1419 2531 1515 2581 Priores
1522 2544 1609 2582 versus
1617 2534 1726 2595 expressi

942 2597 999 2644 sunt
1009 2609 1040 2645 ex
1050 2595 1129 2646 Nouoi
1138 2596 1208 2647 Dion.
1218 2601 1269 2656 xx.
1280 2603 1325 2649 372
1338 2620 1345 2649 ι

1004 2740 1058 2787 ater
1068 2740 1145 2802 πατήρ
1155 2739 1178 2800 μ’
1188 2741 1275 2797 ἐδίδαξε
1285 2743 1344 2804 μετὰ
1353 2742 1435 2791 κλόνον
1445 2745 1502 2805 ἔργα
1515 2747 1647 2806 θαλάσσης,

1003 2811 1034 2865 ὥς
1050 2827 1089 2859 κεν
1104 2811 1253 2874 διεθλεύσαιμι
1264 2813 1303 2861 καὶ
1313 2813 1443 2874 ίχθυδολεῑν
1456 2815 1479 2871 ἐς
1493 2816 1581 2878 ἀγῶνα.
1591 2835 1604 2859 ιι

941 2953 998 3001 loc.
1011 2962 1072 3004 -a
1084 2955 1156 3003 Cous.
1168 2954 1198 3003 ad
1213 2958 1269 3015 vll,
1282 2969 1320 3021 ep.
1332 2961 1386 3020 708,
1397 2964 1420 3010 3.
1434 2987 1460 2996 -
1473 2959 1588 3022 Seqrritur
1601 2961 1624 3010 in
1637 2961 1726 3012 Codice
1811 2959 1812 2964 ’

941 3021 1037 3073 initium
1047 3023 1124 3086 idyllii
1138 3026 1275 3077 Theocritci
1288 3029 1331 3077 xx
1342 3049 1349 3078 ι
1359 3031 1446 3079 Emtae
1456 3031 1479 3091 μ’
1490 3032 1597 3095 laetate,
1611 3046 1667 3080 oum
1681 3033 1725 3081 hac

941 3094 1030 3144 ποθοίη
1038 3109 1114 3161 marg.
1125 3113 1131 3145 :
1141 3104 1209 3147 τούτο
1219 3100 1262 3147 ούκ
1273 3101 1436 3163 ἐπιδεικτικὸν,
1443 3103 1501 3153 ἀλλὰ
1509 3104 1628 3166 ἐρωτικόν.
1640 3107 1725 3160 lteram:

942 3165 981 3214 ούν
992 3167 1089 3215 ἐνταῦθα
1099 3173 1184 3218 κεῖται.

973 3308 1725 3380 CXXXVII.Lemmar‘llpttecortsicBoiss.‚quasimpropr.)

943 3378 1041 3434 αἰτήσας
1052 3381 1160 3442 Ἀδριανῷ
1172 3388 1207 3443 τῷ
1226 3384 1318 3445 βασιλεῖ
1328 3385 1382 3448 (sic,
1393 3384 1437 3434 sed
1449 3391 1514 3437 recte
1529 3389 1596 3438 PIan.
1611 3391 1726 3453 Ἁδριανὸν

942 3449 981 3496 τὸν
996 3449 1104 3513 βασιλέα)
1117 3455 1213 3514 τροφήν.
1222 3453 1332 3505 Alterum
1340 3456 1429 3506 lemma
1436 3458 1460 3507 Ili
1468 3473 1546 3524 marg.
1553 3489 1581 3497 -
1590 3470 1603 3510 2
1611 3466 1726 3524 ἡμίτομον

942 3519 1013 3576 cod:
1023 3521 1133 3580 ἡμίτονσι
1145 3525 1212 3572 Plan.
1227 3523 1285 3574 inde
1302 3525 1334 3574 ab
1350 3526 1437 3577 Aldina
1454 3529 1538 3579 altera.
1551 3532 1626 3581 Bitem
1641 3548 1724 3583 more-

943 3591 992 3640 riut
1010 3592 1153 3653 Imperatori
1171 3593 1213 3644 iila
1233 3613 1279 3658 pau
1293 3596 1395 3648 ridIculc
1419 3600 1521 3664 repetita
1535 3610 1561 3652 et
1583 3603 1663 3668 imago
1676 3619 1723 3655 non

944 3662 1024 3712 minus
1037 3662 1151 3714 ridicula.

974 3805 1119 3853 CXXXVIII.
1136 3807 1236 3855 Lemma
1249 3826 1256 3856 ι
1271 3809 1302 3864 εἰς
1319 3811 1370 3857 τινὰ
1386 3813 1438 3859 νέον
1455 3812 1496 3872 μὲν
1507 3814 1724 3875 δνταπένητα,γη·

942 3875 1046 3994 &aaran
1059 3876 1083 3924 δὲ
1095 3877 1207 3925 πλούσιον
1222 3878 1353 3939 γενόμενον,
1363 3908 1393 3917 -
1404 3887 1419 3931 3
1429 3884 1495 3932 οὐδὲν
1505 3885 1569 3948 εἶχον
1579 3884 1651 3945 Cod.,
1662 3899 1724 3935 corr.
1791 3892 1794 3897 ’

971 3959 1009 3994 atr.

975 4089 1098 4138 CXXXIX.
1117 4091 1217 4140 Lemma
1233 4112 1238 4140 :
1253 4093 1284 4144 ri:
1296 4093 1385 4152 μιμάδο
1395 4094 1534 4154 γηράσασαν
1548 4098 1589 4143 καί
1604 4098 1723 4145 καλλωπι-

942 4160 1047 4221 ζομένην,
1064 4161 1134 4216 ἥτουν
1145 4162 1229 4223 (είτουν
1242 4162 1331 4224 Boias.)
1341 4163 1491 4226 ἀλειφομένην
1506 4167 1535 4213 τὰ
1546 4170 1593 4214 τῶν
1608 4174 1725 4228 γυναικῶν

943 4231 1166 4291 μαγγανεύματα-
1178 4237 1197 4280 1.
1208 4233 1279 4281 cont.
1288 4232 1382 4297 virgilii
1392 4237 1486 4298 copam
1494 4235 1580 4285 init·
1590 4243 1612 4285 2.
1621 4238 1724 4293 Salinas.

942 4314 972 4350 ex
985 4303 1069 4351 Nouno
1081 4302 1152 4350 Dion.
1164 4303 1248 4362 libili,
1263 4308 1316 4363 122,
1329 4304 1400 4354 aiiert
1413 4304 1444 4355 de
1455 4305 1543 4356 eodem
1556 4307 1648 4357 crotala
1666 4328 1673 4358 ι
1689 4310 1725 4358 ὀί·

942 4374 992 4431 turi
1007 4373 1089 4434 χαλκῷ
1102 4372 1143 4434 (aI.
1154 4376 1251 4434 παλμῲ)
1270 4375 1309 4423 σία
1328 4378 1386 4434 γυνὴ
1404 4378 1520 4433 παίζουσα
1539 4378 1683 4440 χοροίτυπος.
1694 4407 1726 4416 -

942 4448 964 4491 3.
978 4463 989 4484 ι
1001 4449 1082 4498 Quum
1092 4443 1193 4492 verbum
1207 4443 1328 4507 desitque
1341 4448 1493 4501 huoaltmov
1508 4447 1638 4507 reseratur,
1650 4448 1724 4499 dubi·

941 4512 990 4562 tari
1010 4512 1097 4575 nequit
1116 4513 1174 4575 quin
1196 4527 1260 4563 unus
1282 4515 1375 4565 alterve
1388 4529 1475 4566 versus
1490 4517 1647 4570 interciderit.
1664 4521 1725 4570 Rern

941 4583 1041 4633 minime
1050 4583 1142 4633 salvam
1160 4588 1261 4646 praestat
1273 4587 1373 4636 Gesnari
1385 4587 1596 4650 conjecturasve
1611 4590 1653 4651 μὲν
1661 4593 1722 4642 ὑπ.»

940 4659 996 4704 loc.
1009 4654 1087 4705 Boias.
1099 4676 1106 4704 ·.
1116 4657 1237 4716 «cloccae,
1251 4661 1333 4707 sumta
1346 4658 1446 4708 Gesneri
1455 4659 1576 4710 etlteistrii
1586 4661 1724 4725 mnjcctura

941 4720 1002 4781 κτείς
1019 4744 1025 4775 ι
1043 4728 1111 4782 Κτεὶς
1126 4727 1167 4788 μὲν
1183 4727 1323 4775 ὑποκλέπτει
1337 4745 1361 4777 π.
1373 4749 1384 4772 ιι
1399 4727 1500 4778 Bothius
1512 4730 1622 4781 tentabat
1636 4739 1665 4794 τη
1683 4735 1723 4793 μὲν

940 4795 1389 4854 esuriturus,athocmcdccetcret.
1399 4825 1432 4837 -
1444 4805 1458 4850 4
1468 4801 1574 4863 ὄμματος
1585 4804 1721 4864 «maced.

940 4884 1002 4919 corr.
1019 4871 1123 4920 Bruuch.
1138 4889 1149 4912 ιι
1167 4871 1244 4920 Multa
1264 4870 1295 4921 de
1308 4872 1436 4922 oculorum
1458 4872 1532 4923 stibIc
1549 4873 1722 4937 pingendoruru

939 4940 1053 5001 artificio,
1065 4953 1116 5003 quo
1123 4940 1253 4992 viridiores
1267 4940 1329 4992 siant
1340 4955 1370 4993 ac
1381 4942 1459 5007 magis
1472 4943 1602 5003 radiantes,
1613 4949 1721 5009 congessi

940 5011 972 5061 ad
986 5011 1101 5062 Philostr.
1116 5014 1174 5061 Her.
1191 5026 1215 5075 p.
1230 5018 1286 5072 580,
1302 5013 1345 5062 ubi
1361 5014 1392 5064 de
1413 5013 1499 5064 Paride
1513 5013 1603 5064 dicitur
1616 5017 1680 5077 ιμιινΙ
1695 5019 1722 5066 τὸ

939 5083 1004 5145 ὄμμα
1024 5083 1161 5144 ἐγέγραπτο.
1180 5083 1264 5133 Manui
1285 5084 1360 5133 etiarn
1375 5083 1408 5133 ad
1419 5084 1563 5134 Naumactrii
1579 5099 1602 5132 r.
1620 5090 1658 5134 οἵ.
1671 5088 1722 5135 alia

940 5155 1011 5217 plura
1021 5153 1113 5205 videsis
1126 5154 1159 5204 ad
1172 5154 1315 5206 Philostrati
1325 5155 1402 5219 Epist.
1413 5158 1453 5217 ιο,
1465 5169 1491 5218 p.
1505 5160 1546 5205 112
1560 5171 1612 5218 seq.
1626 5178 1637 5197 ι
1652 5161 1678 5204 ir.
1691 5184 1719 5192 -

940 5233 963 5274 5.
974 5226 1069 5288 Ἀχροσς
1078 5227 1157 5282 αἰδώς.
1168 5227 1185 5275 i.
1198 5240 1221 5276 e.
1234 5226 1410 5290 impudentia,
1419 5229 1533 5274 monete
1548 5227 1653 5283 naisum
1665 5241 1721 5276 ruun

1588 5315 1613 5357 td
