3810 5910
236 299 295 358 288

271 427 377 497 θήλειαν
390 428 473 486 τίκτει
487 429 558 488 παῖδ’
574 429 627 488 άπὸ
640 430 818 507 ταύτομάτου.

232 518 285 574 Τοῦ
301 517 324 574 δ’
338 518 382 575 ἐπὶ
398 517 489 596 θηλείῃ
505 519 689 596 λυπουμένου,
704 519 731 586 ἓξ
746 519 874 577 διαλείπει

271 605 377 682 ήματα,
392 606 436 664 καί
449 606 546 665 τίκτειν
565 606 663 685 ἄρσενα
679 608 752 664 παῖδ’
768 606 860 686 ἔφατο.

234 692 325 760 Οὕτως
341 693 487 760 Βοθόαστις
501 693 677 754 καταλόεται’
692 697 716 753 εἰ
731 694 782 774 γάρ
795 694 894 767 ἑκάστη

271 781 372 849 τέξεται
386 787 423 848 ὡς
438 782 516 857 αὐτή,
531 782 571 850 τίς
584 788 643 842 θεοῦ
660 787 716 842 ἐστι
731 785 821 861 λόγος;

469 934 514 984 19.
540 926 778 986 ΣΤΡΑΪΩΝΟΣ.

233 1056 287 1114 Καὶ
298 1055 341 1113 πίε
357 1063 399 1115 νῦν
417 1058 461 1114 καὶ
476 1055 541 1133 ἔρα,
557 1056 738 1137 Δαμόκρατες·
752 1057 782 1116 οὗ
795 1057 846 1136 γάρ
860 1058 884 1123 ές
903 1055 954 1114 olel

271 1145 386 1220 πιόμεθ’,
398 1144 451 1202 οὐδ’
467 1147 518 1204 αἰεὶ
532 1147 610 1206 παισὶ
626 1146 814 1221 συνεσσόμεθα.

233 1234 285 1291 Καὶ
300 1235 436 1312 στεράνοις
447 1235 562 1313 κεραλδις
577 1233 772 1306 πυκασώμεθα,
791 1231 836 1290 καί
852 1234 1002 1311 μυρίσωμεν

271 1321 380 1393 αὑτοὺς,
396 1323 457 1401 πρὶν
472 1321 581 1399 τόμθοις
596 1328 678 1380 ταῦτα
692 1324 776 1400 φέρειν
792 1319 901 1400 ἑτέρους.

230 1412 284 1471 Νῦν
297 1413 322 1467 ἐν
336 1412 394 1483 ἐμοὶ
408 1411 490 1470 πιέτω
507 1408 571 1487 μέθυ
580 1410 609 1468 τό
623 1410 702 1470 πλέον
713 1412 790 1470 ὀστέα
804 1411 891 1487 τάμά·

268 1497 347 1576 νεκρά
362 1497 389 1555 δὲ
401 1499 552 1558 Δευκαλίων
567 1499 634 1558 αὐτὰ
651 1497 852 1558 κατακλυσάτω.

279 1651 328 1701 20.
353 1642 603 1727 AN'l'lllhl'POl'
623 1643 963 1702 ΘΕΣΣΑΛΟΝΙΚΕΩΣ.

230 1773 343 1852 Φεόγεθ’
359 1772 415 1832 ὅσοι
429 1775 525 1841 λόκκας
539 1775 556 1845 ἢ
572 1776 693 1855 λορνίδας
708 1773 725 1844 ἢ
738 1779 895 1850 καμασήνας

269 1861 361 1944 ᾄδετε,
377 1867 494 1933 ποιητῶν
510 1867 588 1940 φῦλον
602 1863 802 1940 ιἰκοινθολόγων,

232 1950 255 2009 rl'
267 1953 290 2007 τ’
307 1952 390 2009 ἐπέων
405 1952 503 2023 κόσμον
516 1952 701 2029 λελογισμένον
715 1951 892 2025 ἀσκήσαντες,

269 2042 367 2118 κρήνης
381 2040 407 2109 ἐξ
422 2044 492 2118 ἱερῆς
507 2041 595 2098 πίνετε
610 2041 679 2098 λιτὸν
696 2040 773 2119 ὕδωρ.

231 2129 353 2210 Σήμερον
369 2128 535 2208 Ἀρχιλόχοιο
547 2129 592 2186 καὶ
607 2130 712 2207 ἄρσενος
724 2120 797 2207 ἦμαρ
813 2128 933 2208 Ὁμήρου

270 2220 448 2288 σπένδομεν·δ
464 2214 564 2297 κρητὴρ
578 2218 607 2274 οὗ
621 2216 704 2295 tipo·
717 2217 872 2295 θδροπότας.

470 2370 517 2418 21.
541 2358 781 2418 ΣΤΡΑΤΩΝΟΣ.

232 2498 329 2579 Πριήνην
342 2497 389 2570 τὴν
404 2497 505 2578 σαύραν
521 2497 636 2576 Ἀγάθων
651 2498 838 2580 ῥοδοδάκτυλον
854 2486 933 2576 εἶχεν·

269 2596 313 2646 νῦν
328 2590 350 2646 δ’
366 2587 446 2659 αὐτὴν
461 2586 512 2658 ήδη
529 2587 573 2645 καὶ
588 2588 738 2666 ῥοδόπηχυν
754 2585 820 2665 ἔχει.

498 2727 541 2776 22.
563 2729 623 2774 ΤΟΥ
641 2728 747 2775 ᾸΥΙῸΥ.

230 2843 310 2906 Ἐστι
317 2847 428 2924 Δράκων
436 2869 474 2911 τις
484 2844 588 2927 έρηόος,
597 2843 663 2923 ἄγαν
671 2843 760 2912 καλός·
769 2843 845 2916 ἀλλά,
856 2845 960 2923 δράκων
968 2844 1013 2905 διν.

270 2938 325 3001 πῶς
339 2937 375 3001 εἰς
389 2933 436 3004 τήν
453 2933 572 3014 τρώγλην
587 2933 666 2992 ἄλλον
681 2933 738 3013 doru
751 2932 874 3011 δέχεταις
952 2939 956 2949 “

458 3084 507 3138 23.
532 3076 793 3136 AN'rtllhTPOt'.

233 3216 381 3298 Ὠκόμορόν
395 3241 428 3294 με
443 3216 548 3295 λέγουσι
563 3215 691 3291 δαήμονες
707 3216 794 3295 ἀνέρες
809 3215 922 3296 ἄστρων·

271 3305 325 3383 εἰμί
339 3305 399 3381 μὲν,
416 3307 474 3364 ἀλλ’
491 3303 521 3363 οὗ
535 3327 580 3382 μοι
592 3309 684 3376 τοῦτο,
698 3304 830 3377 Σέλευκε,
849 3305 932 3381 μέλει.

234 3399 278 3459 Εἰς
293 3393 368 3466 ἀίδην
382 3394 430 3471 μία
445 3405 512 3452 πᾶσι
526 3390 692 3460 καταίθοαις·
706 3397 728 3451 εἰ
742 3392 768 3449 δὲ
784 3392 883 3472 ταχίων

271 3482 401 3564 ἡμετέρη,
418 3483 495 3543 Μίνω
510 3487 606 3542 θᾶσσον
621 3481 783 3561 ἐποψόμεθα.
864 3522 868 3529 ·

235 3570 365 3646 ΙΙίνωμεν·
379 3572 423 3629 καί
438 3571 469 3641 δή
483 3571 535 3650 γδιρ
550 3569 691 3645 ἐτήτυμον,
709 3573 744 3636 εἰς
758 3571 816 3628 tiis
828 3568 907 3634 ίππος

273 3651 355 3731 οἶνος,
371 3660 428 3719 ἐπεὶ
439 3663 525 3727 πεζοῖς
541 3660 657 3739 ἀτραπὸς
670 3659 705 3723 είς
719 3657 804 3729 ἀΐδην.

268 3830 399 3877 Femineum
412 3831 503 3894 prolem
515 3836 601 3892 sponte
610 3827 662 3875 siue
671 3837 723 3875 arte
735 3827 813 3876 tlctlit.

233 3913 343 3962 Ollcmus
355 3929 412 3961 sexu
423 3922 489 3977 peter
499 3921 533 3961 cst
544 3929 551 3973 ;
562 3910 608 3960 hoc
618 3911 688 3971 vidit,
706 3912 786 3975 aitque

267 4001 322 4044 Post
333 4012 373 4043 sex
385 3995 427 4043 illa
439 3993 489 4042 dies
499 4010 524 4043 se
534 3993 652 4060 peperisse
666 4009 769 4042 marem.

236 4079 329 4127 Lucium
341 4078 403 4143 perit
415 4075 493 4125 omnis
503 4075 579 4125 honos
591 4091 597 4124 z
609 4075 628 4123 si
644 4074 760 4124 matribus
770 4093 820 4124 esse

269 4162 307 4209 Sic
322 4160 392 4219 licet,
407 4159 432 4207 in
444 4159 505 4207 diris
519 4158 560 4207 illa
574 4173 723 4223 supervacua
735 4169 780 4209 est.

531 4285 568 4332 ις).
583 4284 728 4316 ετακτοιιιι.

234 4381 320 4428 Pocula
337 4395 495 4444 nouscmper,
506 4394 584 4442 neque
593 4394 636 4426 nos
649 4387 738 4427 retorna
750 4386 880 4442 sequentur

266 4462 359 4511 Gaudia
374 4478 382 4510 :
397 4476 462 4509 nunc
472 4459 562 4523 gaude,
574 4475 638 4508 nune
651 4458 707 4507 bibe
717 4495 724 4517 ‚
736 4463 900 4508 Democrates.

234 4547 299 4611 Quin
313 4545 385 4612 cupiti
400 4543 471 4593 llores
483 4544 566 4592 demus
580 4554 604 4592 ct
618 4559 661 4592 nos
672 4543 814 4607 unguimus,
828 4553 884 4591 autc

267 4636 345 4694 Quam
358 4629 429 4678 laciat
441 4627 539 4678 tumulis
550 4627 598 4677 hoc
612 4628 691 4676 alicua
705 4645 800 4677 suanus,

235 4720 292 4763 Ossa
304 4728 397 4762 memm
409 4721 494 4777 potent
506 4728 599 4760 mecum
613 4727 685 4761 inea:
699 4710 741 4759 sed
752 4710 822 4759 simul
838 4726 865 4759 ac
874 4709 921 4758 sint

269 4802 364 4846 Mortua
375 4833 382 4857 ,
393 4795 535 4862 perfundat,
547 4812 595 4844 non
612 4805 680 4855 reto,
696 4795 836 4844 Deucalion.

399 4941 440 4972 20.
459 4941 594 4971 harlham
611 4940 850 4972 TlssSSdanlssGlllblS.

238 5045 286 5111 Qui
301 5045 386 5095 canitis
396 5053 489 5108 topper,
500 5046 541 5109 qui
551 5046 648 5109 lictore,
661 5046 751 5112 quique
764 5061 871 5103 ceruses,

272 5133 344 5179 Vates
353 5127 462 5194 impliciti
472 5129 593 5190 sentibus,
607 5131 639 5179 ite
654 5129 748 5197 procul,

797 302 1051 362 ANTHOLOGlAE
1074 304 1274 364 PALA'l'lNAE

1090 442 1164 491 liliam
1175 444 1272 506 peperit
1285 447 1371 508 sponte
1384 445 1494 496 fortuito.

1059 531 1111 579 Hoc
1120 534 1204 580 autem
1215 531 1246 581 de
1260 531 1310 582 tilia
1319 533 1477 594 contristato,
1490 548 1535 585 sex
1547 535 1680 600 interponit

1089 617 1157 680 dies,
1174 624 1200 670 et
1208 620 1267 670 eniti
1280 633 1307 672 se
1320 620 1400 671 lilium
1411 635 1515 686 pucmm
1528 623 1600 676 dixit.

1057 705 1097 756 Sic
1106 707 1220 758 liubestis
1231 711 1479 762 amouere-solvitur
1493 732 1501 760 ι
1514 712 1536 762 si
1546 712 1613 763 euim
1626 727 1731 776 queque

1088 793 1166 855 pariet
1178 794 1269 856 utilis,
1283 795 1403 858 quisdeae
1418 797 1467 848 erit
1477 802 1622 862 respectus?

1334 945 1371 992 19.
1388 942 1566 992 statronis

1059 1081 1088 1128 Et
1100 1083 1243 1142 potinum,
1252 1083 1278 1131 et
1288 1095 1356 1141 ama.
1371 1084 1530 1134 Democrates
1542 1101 1547 1132 :
1559 1085 1681 1135 nonenim
1694 1099 1771 1148 usque

1089 1167 1239 1230 potabimus,
1254 1181 1333 1231 neque
1346 1183 1425 1234 usque
1437 1171 1592 1234 cum-pueris
1606 1171 1705 1221 orimus.

1058 1258 1088 1303 Et
1101 1256 1196 1306 coronis
1207 1256 1287 1320 capita
1300 1257 1450 1319 vinciamus,
1465 1262 1492 1309 et
1503 1273 1624 1324 ungamus

1088 1349 1196 1404 nosmet,
1210 1349 1341 1407 autequam
1355 1347 1457 1396 tumulis
1469 1347 1523 1396 hacc
1537 1349 1616 1398 ierant
1627 1349 1675 1399 alii.

1057 1433 1127 1481 Nunc
1140 1433 1164 1481 iu
1177 1447 1216 1483 mc
1232 1434 1426 1485 oioortcbibaut
1437 1435 1522 1486 vinum
1536 1436 1620 1500 potius
1633 1450 1690 1486 osse
1704 1451 1775 1494 mer,
1852 1479 1855 1482 .

1090 1524 1186 1570 mortua
1200 1535 1259 1571 vero
1272 1523 1407 1572 Deucalion
1420 1524 1460 1572 illa
1471 1522 1599 1574 inundato.

1174 1670 1210 1713 20.
1230 1667 1395 1716 ANTlPhTRl
1410 1669 1719 1718 Titussmotttcuhsts

1058 1797 1142 1860 Fugite
1151 1800 1273 1860 quotquot
1284 1800 1368 1848 locrus
1378 1799 1479 1862 (calvas)
1489 1801 1534 1850 aut
1543 1798 1686 1864 lophnidos
1695 1800 1786 1863 (laces)
1794 1805 1839 1850 aut

1088 1885 1188 1946 canitis,
1198 1888 1326 1948 poetarum
1337 1887 1417 1936 tribus
1430 1887 1548 1951 seutilega
1555 1887 1733 1952 ,[οσιιιιιεειισε
1740 1888 1840 1951 (pisces)

1057 1971 1138 2034 etqui
1152 1972 1283 2022 verborum
1296 1974 1395 2023 ornatui
1412 1973 1503 2024 elumbi
1515 1974 1731 2037 operam-datiset

1089 2061 1181 2110 ioutoc
1196 2074 1266 2110 sacro
1278 2061 1362 2111 bibitis
1374 2065 1474 2112 tenuem
1491 2076 1590 2125 equam.

1057 2149 1135 2198 Hodie
1149 2149 1288 2199 Archilochi
1300 2153 1326 2200 et
1334 2149 1439 2200 masculi
1451 2151 1558 2201 natalem
1570 2150 1671 2202 Homeri

1088 2237 1367 2302 libaminibus-agimus:
1380 2243 1460 2288 crater
1469 2253 1517 2288 uon
1526 2238 1636 2289 admittit
1647 2243 1841 2302 aqum-potores.

1329 2386 1368 2430 21.
1386 2381 1568 2429 sraaroms.

1058 2515 1140 2577 Nuper
1151 2514 1268 2564 lacertam
1280 2514 1375 2579 Agatho
1387 2493 1628 2579 rosei-digiti-parem
1642 2515 1763 2575 habebat;

1088 2615 1153 2652 nuuc
1166 2607 1248 2653 autem
1262 2617 1316 2653 earo
1325 2603 1376 2666 jam
1389 2609 1414 2653 et
1428 2603 1693 2668 rosei-brachii·parem
1705 2603 1789 2653 habet.

1340 2735 1379 2778 22.
1403 2739 1552 2781 musonii.

1058 2852 1102 2899 Est
1116 2851 1194 2899 Draco
1208 2850 1330 2914 quispiam
1345 2851 1472 2915 ephebus,
1488 2850 1690 2914 raldo-pulcbcr3
1709 2851 1752 2900 scd
1767 2850 1843 2901 draco

1089 2941 1131 3002 qut
1144 2939 1168 2987 iu
1182 2942 1280 2988 antmm
1290 2938 1365 2989 elium
1379 2943 1518 3003 serpentem
1530 2939 1632 3002 recipit?
1683 2937 1842 3002 [quum-sit,

1337 3086 1376 3131 23.
1393 3084 1568 3133 AN‘rlt‘aTttt.

1061 3222 1207 3272 thri-lucris
1221 3236 1260 3271 mc
1274 3222 1358 3273 dicunt
1369 3222 1475 3272 scientes
1488 3223 1535 3272 riri
1547 3226 1684 3281 astromm·¹

1091 3326 1145 3360 sum
1159 3310 1288 3373 equidem.
1301 3311 1346 3360 sed
1356 3325 1405 3360 uon
1416 3311 1477 3381 mihi
1491 3311 1549 3373 hoc,
1563 3312 1675 3371 seleuce,
1689 3313 1817 3362 curm-cst.

1059 3400 1085 3446 hi
1101 3403 1192 3447 orrum
1203 3412 1267 3447 rinus
1281 3398 1377 3448 cunctis
1388 3399 1522 3448 descensus
1535 3417 1541 3448 ι
1554 3399 1575 3448 si
1586 3414 1645 3449 vero
1657 3400 1729 3449 citior
1743 3403 1780 3449 est

1090 3491 1179 3546 nrrster,
1194 3486 1300 3537 Minoem
1312 3487 1386 3536 citius
1398 3486 1544 3537 videbimus.

1060 3576 1189 3631 Potemus3
1203 3589 1260 3624 nam
1272 3589 1329 3625 saue
1345 3590 1430 3625 vemm
1445 3573 1506 3635 loc,
1521 3576 1546 3625 iu
1559 3576 1625 3626 viam
1637 3591 1716 3640 equus
1732 3581 1771 3627 est

1091 3662 1187 3720 sinum,
1201 3676 1277 3725 quum
1289 3663 1442 3727 pedestribus
1452 3662 1540 3712 sentito
1553 3663 1629 3713 modo
1646 3664 1712 3714 sitin
1727 3667 1829 3713 Orcum.

1063 3829 1091 3873 Et
1106 3842 1207 3889 quorum
1222 3826 1286 3873 tenui
1300 3826 1387 3873 sudans
1398 3826 1420 3872 iu
1435 3826 1542 3873 carriiinc
1557 3843 1615 3874 curu

1095 3914 1128 3958 Ex
1138 3910 1209 3959 sacris
1223 3911 1284 3958 solas
1299 3910 1404 3958 lontibus
1419 3909 1500 3959 haurit
1513 3926 1594 3975 aquas.

1061 3997 1108 4042 lsta
1121 3995 1170 4042 dies
1182 3995 1259 4058 agitur
1268 3996 1352 4043 Flacco
1365 4011 1497 4059 nmguoque
1510 3993 1606 4042 Maroni
1620 4010 1626 4042 :

1095 4083 1148 4130 Nou
1158 4087 1222 4127 umal
1232 4078 1271 4127 hic
1283 4089 1362 4128 crater
1375 4079 1442 4143 queis
1454 4079 1517 4127 leuat
1535 4079 1598 4127 unda
1612 4078 1686 4127 sitim.

1357 4229 1397 4261 Μ.
1412 4229 1551 4263 monronis.

979 4387 984 4397 ·
1063 4365 1101 4409 tsi
1116 4377 1176 4425 puer
1187 4361 1297 4426 inprimis
1309 4359 1410 4425 pulcher
1425 4365 1503 4410 Draco
1519 4375 1525 4408 :
1539 4360 1579 4408 sed
1594 4359 1666 4407 druco
1684 4373 1738 4406 cum
1751 4359 1794 4420 sit,

1096 4447 1202 4504 Anguem
1215 4458 1258 4490 cui·
1267 4441 1339 4490 alium
1352 4440 1449 4506 suscipit
1459 4440 1500 4489 ille
1510 4457 1571 4489 cavo
1581 4442 1593 4490 Ρ

1349 4580 1388 4626 οδ.
1405 4594 1552 4626 anciranus.

1062 4713 1150 4761 Dicunt
1162 4713 1281 4775 Astrologi
1294 4713 1428 4777 periturum
1441 4729 1480 4760 me
1492 4711 1552 4761 cito.
1565 4711 1629 4774 Quid
1641 4713 1710 4759 tum?

1095 4801 1152 4845 llaec
1164 4814 1226 4845 curae
1241 4814 1294 4862 pars
1302 4807 1336 4847 est
1349 4798 1431 4857 nulla,
1447 4797 1559 4852 Seleuco,
1574 4811 1641 4845 mese.

1062 4885 1151 4927 Omnes
1163 4881 1191 4928 ad
1206 4882 1286 4928 Ditem
1300 4899 1341 4930 sua
1354 4880 1401 4929 lert
1413 4882 1451 4929 sia
1468 4897 1473 4929 :
1487 4881 1507 4929 si
1516 4882 1564 4929 cito
1577 4890 1675 4940 nostra,

1096 4965 1254 5028 Spectandum
1267 4965 1347 5014 Minos
1358 4981 1384 5013 se
1395 4965 1461 5013 dabit
1475 4979 1531 5029 ergo
1546 4964 1601 5013 cito.

1063 5050 1173 5095 Potemus
1187 5063 1193 5096 :
1207 5047 1267 5095 salet
1279 5046 1319 5095 liic
1331 5047 1465 5107 sententia,
1480 5045 1586 5095 Bocchus
1598 5042 1665 5093 eunti

1096 5131 1137 5177 Est
1152 5146 1241 5194 cquus;
1254 5130 1284 5179 ad
1299 5134 1383 5179 Manes
1395 5146 1450 5178 nam
1461 5128 1522 5195 pede
1538 5128 1603 5177 ducit
1615 5127 1669 5175 iter.
