3810 5910
64 588 68 603 .

345 377 385 436 θθ
910 362 1166 427 Attt'flotootffl
1188 361 1391 422 PALATINAE

346 509 450 586 Νηρῆος
459 501 604 583 λαθρέοισιν
614 500 782 566 ύποπλεύσας
795 499 931 577 τενάχεοσι
941 545 950 574 ,

386 593 489 654 καὶτὸν
505 591 553 650 ἀπ’
568 590 684 669 ἀγκύρης
696 588 776 668 ὅρμον
792 592 877 666 ἔκειρε
889 592 967 647 νεῶν.

307 701 320 738 ε
347 682 495 761 Αύτανδρος
510 682 533 740 δ’
549 678 593 739 irai
607 683 655 757 γῆν
667 679 795 738 ώλίσθανε
810 676 909 758 Περσὶς
924 677 1033 744 ἄναυδος

385 769 533 849 δλλυμένη,
549 769 641 849 πρώτη
655 771 734 846 πεῖρα
749 767 967 844 Θεμιστοκλέους.

559 918 628 970 tat.
651 909 910 970 ΑΝΤΙΠΑΤΡΟΥ.

1172 503 1243 553 Nerei
1256 504 1354 553 occulta
1364 501 1588 563 subnectentes,
1791 556 1793 559 ,

1202 594 1230 642 et
1238 605 1270 642 ex
1279 604 1369 644 εοιοτε
1375 590 1570 643 stabilimentum
1580 589 1693 655 praeridit
1703 591 1814 642 numum.

1173 683 1204 730 Et
1215 679 1422 746 ipsis-cumviris
1432 679 1559 730 interram
1567 679 1688 744 lapsa-est
1695 679 1779 732 Persis
1792 686 1863 731 muta

1205 767 1315 834 periens,
1326 768 1435 834 primum
1446 767 1643 834 experimentum
1653 768 1836 821 ilianistnciis.

1382 916 1384 920 '
1440 914 1495 962 297.
1513 911 1692 962 sttrIPAtflt.

347 1057 462 1119 Στέλλευ
477 1055 516 1115 ἐπ’
529 1053 682 1135 Εὐφρήτην,
695 1053 778 1126 Ζηνὸς
792 1052 882 1120 τέκος·
894 1054 930 1119 εἷς
942 1052 970 1112 σὲ
986 1052 1037 1132 γάρ
1052 1054 1103 1125 ἤδη
1173 1066 1229 1115 Duo
1243 1064 1268 1114 in
1280 1063 1440 1130 Euphratem,
1451 1065 1522 1115 toris
1533 1064 1631 1116 soboles
1645 1064 1690 1115 :nd
1704 1067 1730 1116 te
1740 1066 1804 1116 enim
1814 1063 1862 1124 jam

385 1149 450 1226 ἠῷον
463 1143 576 1222 Πάρθων
591 1145 770 1219 αὐτομολοῦσι
784 1140 873 1208 πόδες.

348 1235 473 1305 Στέλλευ,
490 1233 571 1301 ἄναξ·
585 1232 655 1302 δήεις
670 1230 698 1289 δέ
712 1229 786 1312 φόόιμ
797 1230 984 1310 κεχαλασμένα
994 1230 1071 1303 τόξα,

388 1327 508 1403 Καῖσαρ·
525 1321 654 1402 πατρῴων
664 1325 686 1381 δ’
698 1323 711 1348 ’
724 1320 801 1401 ἄρξαι
816 1323 862 1380 ἀπ’
879 1321 1016 1380 ἀντολέων·

346 1414 455 1490 Ῥώμην
471 1416 505 1486 δ’,
519 1413 630 1493 ὠκεανῷ
645 1411 821 1490 περιτέρμονα
835 1409 970 1484 πάντοθεν,
983 1410 1059 1478 αὐτὸς

385 1506 488 1583 πρῶτος
502 1499 670 1581 ἀνερχομένῳ
684 1499 829 1583 σφράγισαι
842 1499 931 1581 ἠελίῳ.

578 1655 647 1706 298.
672 1644 889 1705 ΑΝΤΙΦΙΔΟΥ.

347 1788 454 1849 Σκέπων
470 1811 502 1863 με
515 1786 579 1866 πρὸς
593 1787 655 1859 νηὸν
667 1785 811 1865 ἀνήγαγον,
823 1785 885 1844 όντα
899 1785 1010 1867 βέόηλον

386 1881 415 1936 οὐ
431 1883 525 1955 μοῦνον
536 1881 657 1950 τελετῆς,
672 1874 741 1936 ἀλλά
754 1873 800 1934 καλ
812 1873 915 1944 ἠελίου·

347 1964 449 2042 μύστην
464 1968 487 2026 δ’
501 1969 657 2048 ἀμφοτέρων
671 1988 705 2041 με
719 1962 790 2026 Osiri
804 1961 891 2023 θέσαν·
903 1954 960 2022 οἶδα
973 1963 996 2022 δ’
1006 1964 1091 2044 ἐκείνη

387 2055 462 2116 νυκτὶ
474 2055 519 2114 καὶ
530 2056 673 2135 ὀφθαλμῶν
689 2053 772 2113 νύκτα
784 2052 975 2132 καθηράμενος.

348 2143 477 2204 ’λσκίπων
492 2146 515 2202 δ’
529 2147 566 2210 εἰς
579 2143 645 2202 ἄστυ
659 2141 827 2222 κατέστιχον,
843 2141 918 2222 ὄργια
932 2146 1015 2214 Δηοῦς

387 2232 525 2313 κηρύσσων
542 2232 665 2312 γλώσσης
679 2231 787 2309 ὄμμασι
801 2231 967 2312 τρανότερον.

415 2387 483 2439 iss.
507 2377 703 2438 ‹blnttttlor
725 2374 1059 2436 ΘΕΣΣΑΛΟΝΙΚΕΩΣ.

347 2521 446 2601 Ταῦροι
460 2517 662 2596 πρηύτένοντες,
679 2519 863 2598 ἀροτρευτῆρες
877 2514 1002 2594 ἀρούρης,

386 2611 423 2666 εἰν
438 2606 482 2665 ἁλὶ
496 2606 555 2672 τοὺς
568 2606 643 2682 γαίης
659 2605 801 2686 ἀντέχομεν
816 2603 960 2680 καμάτους·

348 2696 452 2756 αὔλακα
466 2697 515 2768 τήν
529 2695 651 2775 ἀσέδαρον
667 2699 693 2754 έν
707 2694 798 2753 ὕδασιν
813 2692 924 2770 ἕλκομεν
938 2695 1031 2775 άμφιο,

388 2784 557 2866 μακροτόνων
573 2783 685 2864 σχοίνων
701 2781 780 2862 ἅμμα
794 2782 979 2862 σαγηνόδετον·

352 2874 439 2955 ἰχθύσι
455 2877 478 2933 δ’
493 2879 522 2934 ἐκ
540 2873 662 2953 σταχύων
676 2872 847 2953 λατρεύομεν.
889 2863 919 2933 il
932 2873 1088 2953 ταλαεργοίέ

387 2962 439 3035 ἤδη
453 2966 503 3035 κήν
518 2963 629 3040 πελάγει
643 2961 744 3040 καρπδν
759 2963 852 3040 ἀροῦσε
867 2961 935 3040 βόες.

609 3114 674 3166 300.
699 3106 872 3164 ΑΔΔΑΙΟΥ,

348 3248 447 3327 Ταύρῳ
466 3246 603 3328 φρικαλέον
619 3247 700 3313 νάπος
715 3245 859 3305 ἓκύαένοντι
871 3244 991 3324 Δούήρου

391 3337 541 3407 Πευκέστης
553 3334 628 3416 ἵππῳ
642 3335 766 3415 καρτερὸς
778 3333 910 3408 ἧντέασεν.

349 3427 419 3486 Ἀλλ’
435 3430 448 3484 δ
463 3425 512 3502 μὲν
526 3423 636 3505 ώρμηθη
651 3421 742 3501 πρηών
756 3422 817 3482 ἅτε·
827 3428 872 3481 τοῦ
883 3425 905 3481 δ’
921 3424 1033 3482 ἁπαλοῖο

390 3515 517 3573 Παιονέδα
529 3512 630 3593 λόγχην
645 3504 694 3584 ἧκε
712 3511 755 3570 διὰ
768 3511 912 3592 κροτάφου·

350 3602 466 3671 συλήσας
477 3604 591 3682 κεφαλῆς
605 3600 632 3660 δέ
647 3603 755 3659 διπλοῦν
769 3600 863 3681 κέρας,
875 3598 930 3658 αἰέν
940 3599 1032 3680 ἐκείνω

389 3694 544 3770 ζωροποτῶν
560 3693 652 3772 ἐχθροῦ
667 3689 769 3766 κόμπον
785 3691 841 3769 ἔχει
854 3690 978 3750 θανάτου.

538 3801 543 3810 ’
570 3844 637 3895 ων.
662 3832 904 3892 inuoluunt.

1205 1152 1356 1205 sub-numm
1369 1155 1516 1205 Parthorum
1528 1155 1760 1219 sponte-transeunt
1773 1160 1858 1218 perles.

1174 1244 1242 1303 Duo,
1253 1242 1386 1307 imperator
1398 1262 1404 1291 ι
1415 1241 1525 1293 invenies
1533 1245 1618 1292 autem
1627 1245 1697 1294 metu
1708 1242 1830 1294 relaxatos
1840 1257 1898 1293 arcu

1206 1334 1291 1383 cesar
1306 1349 1312 1382 :
1327 1333 1408 1398 patrio
1421 1345 1481 1383 vero
1493 1332 1574 1398 incipe
1587 1332 1620 1385 ab
1630 1336 1688 1383 ortu
1701 1354 1708 1383 ι

1174 1423 1277 1472 Romam
1291 1423 1387 1481 nutem,
1397 1432 1489 1471 oseam
1497 1419 1655 1470 terminatam
1664 1419 1788 1483 undique,
1799 1419 1851 1484 ipse

1207 1511 1303 1577 primns
1312 1509 1447 1574 emergenti
1457 1508 1557 1572 obsigna
1574 1508 1634 1559 solo.

1449 1671 1504 1722 298.
1521 1670 1687 1720 ebutium.

1175 1811 1283 1864 mentm
1301 1823 1344 1862 me
1363 1808 1395 1860 ad
1413 1805 1534 1873 templum
1549 1805 1727 1874 altum-duxit,
1737 1823 1895 1876 quum-esse

1205 1912 1256 1951 non
1268 1899 1343 1951 modo
1354 1897 1559 1973 initiationum
1573 1907 1600 1956 et
1613 1901 1686 1963 solim
1736 1899 1901 1965 [prolamser

1176 1994 1284 2055 myrtum
1292 2004 1352 2043 vero
1360 1992 1488 2058 utriusque
1497 2009 1539 2048 me
1551 1998 1610 2046 nere
1620 1995 1733 2045 leserunt
1746 1993 1899 2042 :novianterr

1207 2083 1280 2132 noete
1293 2084 1319 2132 et
1328 2082 1456 2133 oculorum
1470 2086 1568 2136 noctem
1583 2081 1737 2148 deposuisse.

1176 2173 1211 2219 Ac
1221 2167 1366 2220 sinebsonlo
1377 2169 1403 2220 iu
1413 2169 1634 2230 tumescenti,
1647 2182 1717 2220 οεαεε
1732 2167 1826 2220 cerem

1207 2254 1355 2322 praedicens,
1366 2270 1441 2321 quam
1453 2256 1546 2324 lingui,
1555 2258 1634 2310 oculis
1641 2256 1804 2308 manifestius.

1301 2400 1357 2450 299.
1372 2399 1510 2450 PHILIPPI
1526 2401 1832 2450 THESSALONICENSIS.

1093 2516 1094 2519 ‘
1175 2539 1629 2601 munem-mansuetemarrom
1640 2540 1720 2602 mm,

1205 2627 1233 2679 in
1248 2627 1311 2679 mari
1322 2632 1396 2680 terre
1411 2627 1562 2680 sustinemus
1575 2628 1690 2682 labores:

1176 2718 1272 2770 sulmm
1282 2716 1456 2783 absque-terro
1465 2718 1492 2771 in
1502 2718 1573 2784 aquis
1587 2717 1713 2771 ominus
1721 2719 1806 2781 ambo,

1207 2806 1419 2872 longe-tensorum
1432 2806 1527 2858 lunium
1541 2807 1634 2858 nodum
1642 2808 1896 2873 agene-dligntumz

1176 2893 1285 2960 piscibus
1297 2906 1359 2946 vero
1371 2897 1429 2959 post
1440 2893 1522 2959 spinas
1534 2894 1692 2946 inservimus.
1707 2896 1777 2959 fleu,
1794 2895 1904 2946 labomm

1204 2983 1256 3047 jam
1265 2984 1291 3034 et
1303 2981 1330 3032 in
1344 2982 1430 3046 pelago
1445 2985 1554 3048 segetem
1564 2987 1635 3034 arant
1645 2982 1730 3035 bores.
1846 2985 1890 3047 [tie

1478 3128 1534 3175 300.
1549 3125 1665 3176 ADDAEI.

1175 3275 1256 3324 Tauro
1267 3270 1422 3324 sternendam
1433 3270 1523 3323 vellem
1535 3269 1670 3336 egredienti
1681 3269 1770 3324 bobert

1208 3362 1343 3411 Peuoestes
1354 3359 1456 3424 inequo
1466 3358 1563 3410 validus
1574 3358 1691 3409 obcurrit

1176 3448 1225 3500 sed
1236 3447 1277 3500 ille
1288 3448 1388 3512 quidem
1399 3447 1510 3513 prorupit
1522 3448 1615 3498 tuentis
1630 3446 1725 3498 instar:
1736 3450 1763 3498 nt
1778 3451 1859 3498 tenera
1871 3449 1905 3498 lo

1208 3538 1349 3590 Paeonidem
1360 3539 1457 3589 hastam
1466 3537 1535 3588 misit
1544 3550 1588 3601 per
1597 3539 1722 3602 temporsr

1177 3632 1204 3681 et
1215 3626 1463 3694 postquam-abstulit
1472 3625 1561 3692 eapitis
1572 3625 1663 3691 duplex
1674 3641 1767 3689 nomn,
1779 3641 1875 3692 sempor·

1208 3719 1402 3781 merum-potans
1413 3713 1544 3766 ‹te-hostili
1554 3716 1672 3780 globatur
1685 3715 1761 3767 rede.

1460 3852 1517 3899 901.
1534 3846 1679 3898 SECUNDI.

348 3977 434 4039 Τέπτε
446 3974 489 4035 τὸν
503 3973 619 4052 θγκητὴν
634 3971 784 4056 βραδύπουν
803 3970 861 4031 ὄνον
880 3971 976 4049 ἀμμιγ*
987 3974 1013 4029 ἐν
1028 3970 1118 4038 ἵπποις
1178 3982 1283 4038 Quium
1292 3993 1336 4032 me
1348 3980 1478 4031 rudentem
1488 3979 1641 4044 sonipedem
1650 3979 1746 4030 ειίειοιιι
1755 3978 1819 4030 inter
1830 3992 1903 4043 equa

349 4166 411 4216 Nem
424 4162 483 4211 reda
497 4159 586 4211 lurtiro
597 4158 706 4226 delapsus
717 4159 747 4209 ud
758 4159 807 4208 ima
818 4165 900 4208 natatu

381 4245 503 4308 Vincula,
516 4259 569 4309 quse
579 4241 658 4292 curvis
669 4241 781 4291 dentibus
797 4249 852 4307 nptu
862 4278 870 4303 ,
882 4251 944 4290 secut
959 4256 965 4286 ε

349 4333 388 4383 Sic
403 4330 496 4380 ratibus
512 4336 617 4396 pereunt
629 4326 704 4393 pulsis
716 4326 740 4376 in
756 4325 838 4376 littora
851 4325 932 4384 Medi,

382 4411 497 4462 Materies
508 4409 577 4460 lamae
586 4408 664 4475 prima
673 4407 864 4458 Themistoclen.

631 4577 689 4637 298.
708 4585 849 4623 νιπτιειιιει,

384 4716 419 4760 De
429 4729 491 4761 σασα
503 4709 661 4760 adscendente
673 4711 697 4760 ιἐι
709 4709 827 4760 Eleusinis
839 4709 948 4780 templum
961 4719 1099 4775 recorporare

713 4809 771 4843 orsu.

349 4969 456 5014 Duxerat
469 4962 499 5011 ad
513 4960 627 5027 templum
643 4976 681 5009 me
693 4960 785 5027 scipio;
799 4976 848 5009 uon
860 4959 932 5008 modo
944 4958 1017 5008 sacris

383 5051 451 5111 Ipse,
464 5044 504 5093 sed
517 5053 542 5093 et
552 5042 601 5094 Soli
613 5042 703 5108 quippe
715 5041 827 5109 profanus
838 5057 915 5092 eram.

348 5129 392 5176 Sed
407 5126 483 5174 secer-e
496 5130 552 5174 Dete
561 5134 661 5191 mystnm
674 5125 782 5190 Solisque
792 5138 909 5188 suumque
923 5138 931 5173 z

383 5210 438 5263 Nox
448 5208 523 5257 oculis
540 5216 634 5256 noctem
646 5207 738 5273 depulit
752 5206 797 5255 ‘uta
814 5204 882 5257 meis.

1181 4163 1215 4210 Ut
1229 4159 1290 4209 duee
1301 4174 1341 4208 me
1351 4158 1430 4223 redii,
1443 4168 1467 4208 te
1475 4157 1526 4225 jem
1539 4161 1610 4208 Ceres
1626 4156 1688 4206 alma
1700 4156 1796 4206 celebra·

1212 4245 1267 4294 Non
1285 4243 1380 4308 lingua,
1393 4243 1435 4293 sed
1448 4243 1512 4307 quod
1526 4241 1615 4293 eertim
1626 4249 1678 4303 est,
1693 4238 1777 4294 oculis.

1351 4399 1410 4448 ²99·
1428 4399 1540 4432 nuruum
1556 4397 1794 4432 πεεοιεοοιιιειιιειτ.
1838 4388 1840 4395 ’

1177 4517 1243 4562 Ante
1254 4512 1312 4579 jugo
1324 4511 1409 4562 domiti
1422 4512 1566 4562 senserimus
1579 4528 1637 4563 atus
1647 4512 1760 4578 juvenci,

1210 4599 1244 4645 At
1255 4611 1320 4645 nune
1331 4611 1375 4662 pro
1389 4595 1459 4644 terris
1471 4610 1552 4661 equor
1565 4610 1634 4646 arare
1646 4594 1726 4643 datur.

1178 4679 1302 4730 Fluctibus
1314 4679 1339 4729 in
1356 4680 1433 4746 pelugi
1447 4679 1546 4729 lecimus
1558 4679 1610 4728 sine
1625 4694 1721 4728 vomere
1735 4679 1827 4739 sulcos,

1212 4765 1276 4811 Dum
1290 4778 1334 4810 nos
1348 4761 1460 4811 verricutt
1480 4761 1574 4810 uincula
1589 4762 1657 4824 longa
1670 4760 1752 4823 ligant.

1476 5067 1533 5115 sor.
1551 5081 1661 5114 srcuuur,

1176 5203 1241 5268 Quid
1253 5219 1292 5254 me
1304 5205 1465 5268 tardigrudum
1480 5205 1568 5253 rudens
1579 5218 1651 5268 genru
1668 5207 1732 5252 luter
1750 5205 1827 5248 ortatu
