3810 5910
702 394 963 469 „ANTHOLOGIAE
985 394 1188 455 PALATINAE

403 531 466 581 664}
486 532 546 578 ΤΟΥ
562 533 667 582 ᾸΪἹῸΥ.

458 632 499 687 ui<
511 632 539 680 τὸ
553 630 619 680 αὑτό.

150 747 255 808 ’iaedi’
271 748 449 826 ἐριδμαίνουσι
463 746 530 811 τίνος
545 745 623 804 πλέον
638 743 734 804 ἔπλετο
749 750 848 826 χῶρος,

189 838 298 918 Νύμφαι
312 836 443 906 Νηῖάθες,
454 829 565 909 Νηριίς,
575 833 731 912 Ἁδρυάδες·

149 932 205 992 ταῖς
222 927 248 983 δὲ
264 924 409 1001 θεμιστεύει
425 923 527 998 μεοάτη
541 923 640 1002 Χάρις,
654 924 683 981 οὗ
697 922 724 981 δὲ
739 923 851 991 δικάζειν

189 1005 257 1072 οἶδεν
267 1059 274 1088 ,
292 1012 347 1073 ἐπεὶ
357 1011 436 1084 ξονὴν
447 1011 539 1090 τόρψιν
553 1015 566 1068 ό
578 1013 663 1090 χῶρος
674 1008 739 1090 ἔχει.

303 1163 372 1215 666.
397 1152 566 1212 ussewi
588 1152 779 1212 ΣΧΟΛΑΣΤ.

460 1274 501 1330 illc
511 1271 539 1322 τό
553 1271 622 1321 αὐτό.

150 1383 226 1460 lilios
240 1391 298 1468 ἐμοὶ
313 1391 419 1470 Δάφνης
431 1391 498 1469 ἱερὸν
512 1390 622 1462 κλέτας,
636 1387 721 1448 ἔκτοθι
740 1387 834 1447 πόντον

191 1480 327 1556 κείμενον,
343 1479 476 1559 ἀγραύλου
489 1479 585 1544 κάλλος
600 1479 772 1559 ἐρημοσιίνης.

152 1567 264 1629 'Elidis
278 1569 329 1648 γθρ
345 1569 456 1648 Νύμφαι
471 1567 642 1645 θενδρίτιδες,
656 1565 686 1625 αἵ
696 1565 720 1624 τ’
731 1567 768 1624 ἐνὶ
782 1565 870 1647 πόντῳ

191 1652 317 1738 Νηρείθες
331 1657 408 1728 ξονὴν
419 1657 492 1714 θὲντο
503 1656 671 1728 συνηλυσίην·

154 1747 219 1828 ἀμφ’
233 1746 281 1824 ἐμὲ
293 1748 343 1824 γὰρ
357 1747 502 1824 μάρναντο·
517 1745 627 1804 δίκασσε
643 1743 669 1802 δὲ
683 1743 885 1822 Κυανοχαίτης,

191 1835 236 1892 καί
251 1859 284 1910 με
298 1836 361 1912 παρ’
376 1831 536 1912 ἀμφοτέραις
550 1830 647 1909 μέσσον
660 1829 752 1903 ἔθηκεν
763 1832 833 1911 ὅρον.

431 1976 494 2027 666.
512 1977 652 2022 ΛΔΗΔΟΝ.

294 2084 334 2141 θὶς
350 2088 427 2142 ιιῆτιον
440 2073 538 2145 Ἔρωτοί
555 2082 795 2146 προσαγορευόμενον.

154 2216 195 2275 Οὐ
209 2212 292 2290 μέγας
305 2213 359 2271 οὐδ’
371 2214 385 2269 θ
398 2209 501 2288 Ἔρως,
514 2207 573 2268 ἀλλ’
586 2207 708 2289 εὔχαρις·
721 2212 756 2274 ὡς
768 2208 813 2266 καὶ
827 2209 878 2284 ἐγώ
894 2228 934 2264 τοι

193 2303 222 2360 οὐ
235 2301 317 2378 μέγας
333 2301 359 2356 ἐν
374 2297 481 2369 κήποις,
498 2295 567 2354 ἀλλὰ
581 2297 654 2375 γέμω
668 2295 794 2375 χαρίτων.

160 2432 166 2442 ’
262 2448 331 2499 667.
354 2437 523 2498 ΑΡΛΒΙΟΥ
543 2437 824 2498 ΣΧΟΛΑΣΤΙΚΟΥ.

445 2552 486 2607 Εἰς
500 2551 648 2613 προάστειον.

154 2677 254 2740 Ὕδασι
268 2701 315 2735 και
330 2678 439 2748 κήποισι
451 2676 497 2734 καί
512 2675 605 2734 ἄλσεσι
622 2676 669 2734 καὶ
684 2673 803 2754 Διονύσῳ

196 2767 240 2824 καὶ
254 2765 349 2824 πόντου
363 2765 458 2835 πλήθω
471 2764 584 2838 γείτονος
598 2764 755 2844 εὐφροσύνῃ.

156 2853 265 2934 Τερπνθι
281 2852 310 2911 δέ
325 2875 369 2928 μοι
382 2853 459 2930 γαίης
472 2877 502 2911 τι
518 2853 565 2912 καί
580 2852 606 2921 ἐξ
621 2853 682 2919 ἁλός
697 2854 804 2911 ἄλλοθεν
820 2853 897 2920 ἄλλος

196 2942 241 3002 καὶ
254 2940 361 3020 γριπεθς
373 2940 458 3023 ὀρέγει
475 2943 545 3019 δῶρα
564 2941 610 3000 καὶ
622 2942 773 3020 ἀγρονόμος.

160 3031 229 3096 Τοὺς
242 3032 264 3087 δ’
280 3031 306 3086 ἐν
319 3029 378 3104 ἐμοί
393 3027 536 3105 μίμνοντας
555 3026 572 3099 ἢ
587 3030 693 3107 ὀρνίθιον
712 3054 751 3095 τις
767 3031 876 3103 ἀείδων,

190 3120 214 3190 ἢ
231 3115 313 3197 γλυκθ
328 3118 471 3196 πορθμήων
485 3118 590 3198 φθίγμα
606 3118 776 3199 παρηγορίαι.

292 3271 360 3322 668.
385 3260 588 3320 ΜΑΡΙΛΝΟΥ
610 3260 802 3320 ΣΧΟΛΑΣΤ.

220 3378 258 3432 El<
272 3375 411 3439 προάστειον
426 3374 599 3438 ὀνομαζόμενον
611 3374 706 3438 Ἔρωτα
717 3375 741 3423 ἐν
753 3375 875 3437 'Anausin

157 3492 197 3560 'll
214 3500 295 3560 καλὸν
312 3498 391 3564 ἄλσος
411 3495 546 3576 Ἔρωτος,
560 3496 625 3556 ὅπου
644 3498 714 3556 κοιλθι
728 3499 835 3578 δένδρεα
857 3506 938 3558 ταῦτα

198 3588 284 3668 πρηθς
301 3587 442 3647 ἐπιπνείων
459 3586 596 3664 ἀμφιδονεῖ
611 3586 740 3666 Ζέφυρος·

156 3666 205 3758 ἧχι
217 3678 263 3737 καί
277 3677 379 3756 ἑρσήεις
394 3675 578 3751 ἀμαρύσσεται
589 3672 806 3749 ἄνθεσιλειμὼν,

198 3765 295 3825 πουλὺν
310 3763 468 3842 ἰοστεφάνων
484 3762 582 3838 κόσμον
599 3762 669 3827 αἰνεὶς
681 3763 820 3822 καλόκων·

452 3932 511 3986 666.
532 3946 645 3978 musonis.

482 4017 520 4062 De
530 4011 622 4062 eodem.

161 4104 204 4153 Cui
217 4103 283 4152 loeus
294 4100 336 4150 hio
348 4099 434 4161 cedat,
446 4112 532 4160 magno
543 4096 667 4144 molimine
679 4103 773 4144 certant

193 4186 311 4246 Naiades,
327 4183 400 4235 Nerei
415 4191 503 4237 coslus.
517 4179 703 4245 Hamadryades.

160 4269 245 4320 Gratia
258 4269 320 4317 lecta
331 4266 376 4316 luit
385 4265 469 4331 judex,
481 4261 590 4312 decidere
602 4261 669 4309 litem

194 4351 239 4401 Sed
251 4349 344 4416 nequit.
379 4346 444 4397 ilino
455 4346 521 4395 sedes
532 4343 643 4392 omnibus
654 4359 721 4407 aequa
736 4352 826 4392 manci.

386 4429 444 4479 665.
462 4444 577 4476 suarum
590 4441 719 4474 onaronrs.

484 4514 521 4558 De
530 4507 622 4557 eodem.

163 4600 225 4649 Cede
235 4598 295 4647 mihi
305 4595 418 4663 Daphnes
430 4609 524 4643 sacrum
534 4608 634 4654 nemias,
646 4606 742 4656 mquore
753 4590 823 4653 longe

196 4682 289 4732 Deserli
303 4681 374 4729 iacies
386 4679 508 4729 luxurioso
521 4676 567 4726 loci
582 4693 589 4727 ι

163 4770 214 4814 liae
225 4764 271 4813 sibi
281 4779 335 4811 nam
346 4743 469 4812 oelelsrani
481 4757 602 4809 communi
613 4757 697 4822 gaudia
708 4756 763 4805 sede

198 4846 303 4897 Formosl
316 4846 439 4910 Dryadum
449 4843 615 4907 Naiadumque
626 4839 705 4891 chori.

163 4933 200 4978 De
212 4944 249 4976 me
262 4927 290 4976 lis
303 4927 395 4975 iuerat:
432 4926 536 4974 medinm
549 4923 667 4974 unientis
676 4924 746 4988 jussit

197 5009 303 5078 Neptuni
313 5007 378 5057 hune
392 5007 490 5072 geminis
502 5007 611 5074 partibus
623 5021 673 5054 esse
685 5006 773 5056 locum.

462 5091 519 5139 666.
539 5105 648 5137 rncnnrr.

375 5178 412 5222 De
426 5171 494 5219 horto
510 5173 548 5239 qui
562 5170 639 5218 dictus
652 5175 736 5218 Amor.

166 5263 223 5311 Non
234 5274 330 5324 maguus
340 5259 382 5308 sed
391 5257 466 5306 dulcis
478 5261 552 5305 Amor
564 5270 668 5320 quoque.
703 5253 741 5303 Sie
752 5260 777 5299 et
789 5250 813 5299 in
826 5251 901 5298 nortis
915 5263 923 5300 ι

1253 557 1307 604 664.
1330 563 1478 606 musonis.

1316 672 1342 713 in
1351 669 1419 714 idern.

976 787 1023 836 lile
1032 788 1144 847 urunt,
1158 789 1230 850 eujus
1242 787 1320 852 magis
1331 787 1365 838 sii
1374 787 1460 849 loeus,

1006 873 1125 938 Nympha
1134 875 1242 926 Noiodes
1251 914 1257 936 ‚
1267 875 1365 936 Nereis,
1376 875 1574 941 Hamadryadum

977 961 1016 1012 his
1030 963 1115 1014 auum
1124 961 1242 1028 lus-dieii
1255 963 1454 1022 nemachium,
1467 977 1514 1016 nee
1525 965 1636 1029 judicare

1007 1050 1093 1114 norit,
1104 1065 1181 1116 quum
1194 1065 1352 1103 communem
1366 1052 1554 1104 oblectationem
1573 1053 1642 1104 loeus
1658 1054 1760 1106 huiusi.

1142 1196 1198 1245 666.
1215 1193 1366 1242 sGsTfflAE
1382 1192 1592 1242 scnonssucl.

1317 1299 1345 1340 in
1354 1295 1422 1341 idern.

977 1424 1044 1476 cede
1055 1425 1116 1476 nini
1131 1427 1246 1491 Daphnes
1259 1439 1329 1478 saum
1342 1426 1425 1487 eolis,
1441 1430 1512 1479 entra
1524 1431 1628 1493 ponium

1009 1515 1080 1577 situs,
1089 1515 1193 1581 agrestis
1205 1515 1281 1566 denus
1292 1514 1438 1566 solitudinis.

978 1604 1024 1652 Hie
1034 1601 1100 1652 enim
1108 1603 1227 1668 Nympha
1242 1602 1359 1654 arborum
1370 1606 1396 1654 et
1408 1617 1465 1668 que
1476 1604 1502 1655 in
1511 1607 1586 1670 ponto

1009 1689 1126 1743 Nereides
1134 1704 1289 1742 communem
1300 1691 1460 1743 insiltneruni
1474 1696 1632 1746 conventum.

979 1780 1051 1830 cirea
1063 1793 1104 1830 me
1113 1779 1178 1831 enirn
1190 1783 1317 1832 sedarunt
1329 1802 1337 1832 ι
1348 1780 1715 1849 animumanimum,

1011 1871 1037 1918 et
1048 1881 1088 1918 me
1096 1869 1166 1932 juxta
1180 1870 1298 1932 utrasque
1308 1867 1418 1920 medinm
1428 1869 1487 1920 iecit
1495 1869 1638 1922 terminum

1266 2019 1321 2066 666.
1342 2025 1478 2068 lucanas.

1166 2128 1194 2170 in
1208 2126 1300 2171 hortum
1313 2132 1418 2173 amorem
1428 2128 1572 2185 annulatum.

980 2250 1034 2298 Non
1052 2261 1155 2312 magnus
1170 2261 1216 2298 neo
1235 2252 1311 2299 Ansor
1330 2253 1381 2311 esi,
1401 2250 1577 2302 sedrenuslus
1595 2272 1602 2301 ι
1623 2251 1659 2303 sic
1674 2255 1701 2303 et
1718 2267 1762 2317 ego

1011 2339 1061 2376 non
1079 2339 1184 2389 magnus
1196 2326 1260 2376 ioler
1273 2325 1371 2388 hortos,
1385 2341 1474 2378 verum
1496 2329 1653 2393 plenos-snm
1668 2331 1761 2394 gratiis.

1171 2471 1348 2518 sensuam
1363 2471 1576 2521 senonasTlci.

1272 2581 1300 2623 ln
1310 2578 1471 2624 suburbanum

981 2695 1073 2757 Aquis,
1088 2697 1113 2744 et
1130 2694 1223 2755 hortis,
1240 2696 1266 2744 et
1282 2694 1354 2755 lucis,
1364 2697 1390 2745 et
1407 2695 1517 2754 Βοοοθος

1013 2787 1040 2833 et
1055 2783 1124 2846 ponii
1141 2782 1239 2833 abundo
1254 2781 1331 2833 vieini
1347 2783 1530 2834 benevoleniin.

983 2871 1098 2923 iucunda
1107 2875 1191 2923 aulem
1205 2873 1266 2924 mihi
1276 2886 1291 2924 ο
1302 2876 1419 2936 urnaque
1433 2877 1459 2924 et
1469 2874 1531 2924 meri
1543 2873 1640 2923 aliunde
1656 2873 1719 2924 ains

1013 2964 1041 3014 ei
1049 2963 1156 3026 pisoator
1168 2961 1272 3026 porrigit
1282 2961 1346 3012 dona
1358 2966 1384 3012 et
1396 2962 1509 3027 agricola.

983 3052 1015 3100 nt
1029 3049 1126 3113 eosqui
1142 3050 1168 3099 in
1185 3063 1225 3100 me
1237 3053 1337 3100 manent
1350 3053 1393 3101 aut
1406 3049 1490 3100 ovium
1504 3049 1585 3113 aliqua
1599 3064 1701 3111 canens.

1015 3142 1058 3188 sut
1072 3138 1152 3190 dulcis
1167 3137 1306 3188 navitarum
1323 3138 1421 3202 loquela
1434 3138 1533 3189 mulnet.

1163 3284 1218 3333 666.
1234 3282 1366 3332 numani
1380 3282 1592 3334 sciiouasnlcl.

1105 3387 1131 3431 ln
1140 3386 1281 3438 suburbium,
1289 3383 1351 3441 qnod
1361 3387 1455 3429 vocatur
1462 3389 1540 3437 Amor,
1549 3384 1647 3427 ammio.

984 3511 1047 3559 sane
1056 3507 1188 3572 pulchrum
1196 3520 1284 3558 nemus
1293 3507 1398 3569 Amoris,
1407 3507 1450 3558 ubi
1457 3507 1571 3571 pulchras
1582 3506 1681 3556 arbores
1689 3504 1762 3556 nasae

1016 3596 1078 3646 lenis
1092 3596 1219 3660 adspirans
1229 3595 1400 3660 οἱιοιιιοερὶιει
1410 3594 1550 3660 zephyrum

985 3684 1027 3734 ubi
1043 3687 1069 3734 et
1079 3684 1229 3735 rorulentum
1240 3682 1358 3734 scintillat
1371 3682 1472 3734 lloribns
1486 3687 1597 3747 pratum,

1016 3775 1121 3824 mulium
1130 3773 1384 3824 violis-mmnatsnnm
1394 3784 1511 3822 ornamen
1522 3769 1630 3835 pandens
1640 3783 1765 3829 rossrum;

1020 3935 1068 3984 Sim
1083 3935 1138 3984 licei
1149 3934 1212 3984 haud
1222 3948 1333 3998 magnos,
1344 3932 1419 3996 gralia
1431 3946 1515 3995 magna
1527 3946 1580 3979 mea
1594 3939 1640 3979 esi.

1224 4072 1282 4129 667.
1302 4085 1383 4117 annau
1400 4083 1528 4116 ossrosra.

1279 4165 1309 4209 In
1322 4156 1469 4208 suburbium.

988 4257 1030 4302 Me
1041 4270 1124 4302 nemus
1136 4251 1267 4308 exhilarat,
1282 4250 1407 4314 lontesque
1422 4258 1448 4298 ei
1460 4246 1567 4298 Bacchus
1581 4255 1605 4294 ei
1619 4243 1699 4300 horsi,

1022 4340 1052 4385 Et
1064 4337 1093 4384 de
1106 4336 1185 4385 vicino
1200 4351 1253 4401 quas
1266 4333 1332 4384 venit
1343 4347 1401 4380 aura
1415 4330 1486 4381 mari.

988 4425 1018 4470 Et
1033 4421 1092 4470 mini
1104 4420 1214 4470 certatim
1225 4420 1255 4468 de
1269 4429 1333 4468 terra
1346 4417 1424 4479 deque
1435 4413 1554 4480 prolundo

1023 4506 1129 4554 Piscator
1141 4503 1241 4553 mliiuul
1255 4517 1357 4561 munus,
1370 4509 1395 4548 et
1407 4497 1519 4563 agriooln.

989 4590 1035 4638 Hic
1049 4589 1224 4653 requiescentes
1238 4586 1343 4634 obleniat
1356 4583 1462 4632 carmine
1475 4582 1542 4630 laam

1022 4672 1138 4730 Porliior,
1153 4679 1194 4718 aut
1207 4668 1335 4717 tremulum
1348 4682 1400 4730 quia
1412 4663 1565 4712 modulantur
1578 4675 1641 4709 aves.

1212 4801 1271 4848 666.
1291 4813 1400 4845 sanarum
1419 4807 1546 4843 onsroars.

1056 4903 1093 4946 De
1105 4893 1240 4945 suburbano
1252 4891 1300 4941 olio
1314 4897 1437 4950 Amassoe,
1449 4888 1488 4936 cui
1499 4902 1583 4935 nomen
1597 4881 1699 4950 Cupido.
1769 4887 1773 4896 '

991 5001 1065 5048 Darlce
1076 4997 1233 5063 Cuspidineum
1248 5007 1331 5041 nemus
1342 4988 1403 5048 hoe,
1415 4986 1456 5034 ubi
1469 4985 1541 5034 molle
1555 4996 1678 5032 susurrans

1023 5081 1144 5129 Arboreos
1157 5075 1260 5142 Zephyri
1275 5079 1409 5122 commouet
1422 5083 1480 5115 aura
1492 5081 1590 5116 comas:

992 5162 1108 5227 l‘nrpnrei
1121 5161 1191 5209 dores
1204 5159 1246 5208 ubi
1262 5156 1354 5206 roscida
1365 5162 1433 5218 prola
1446 5160 1576 5214 coronant,

1024 5250 1053 5295 lii
1066 5245 1139 5294 violas
1151 5243 1249 5292 interae
1261 5255 1314 5288 rosa
1326 5237 1391 5287 tollit
1403 5233 1486 5284 hunno.
