3810 5910
367 367 491 427 CAPUT
512 366 561 425 XI.
585 361 864 425 Eplnhnsttin'ia
887 349 1121 420 convivanti
1145 358 1193 416 ET
1216 356 1419 417 tttttisonln.

345 505 405 553 402.
426 507 485 551 ΤΟΥ
503 505 608 552 ΑΥΤΟΥ.

97 639 197 707 Μηδεις
211 656 255 710 μοι
269 630 368 703 ταύτην
378 676 386 703 ,
395 631 604 711 imminemus,
621 627 669 702 τὴν
682 627 820 698 σπατίλην
832 631 877 685 riou

134 722 250 792 ποιήσειε
266 724 329 778 θεῶν
340 712 377 799 ,ᾖ
392 721 423 777 σθ
440 722 665 799 κατασπαταλᾷς,

95 812 176 868 ἔσθων
190 808 355 887 ἐκτραπέλως
370 807 515 886 στομοίχων
529 805 617 877 κακὰ,
630 805 737 885 χείρονα
747 805 843 880 λιμοῦ,

135 888 176 954 οἷα
192 897 296 977 φύγοιεν
309 896 529 970 iunctissime
542 894 643 954 τεκνία.

97 988 256 1063 Πεινοίσαιμι
271 985 321 1064 γὰρ
337 976 409 1053 αὖθις
425 983 464 1043 ἔτι
480 983 567 1057 πλέον,
580 982 597 1054 ἢ
609 983 672 1061 πρίν
687 981 813 1050 ἐπείνων,

135 1076 335 1157 ἣχορτασθείην
349 1081 395 1148 τῆς
415 1074 487 1151 παρὰ
499 1076 540 1132 σοὶ
552 1073 699 1144 σπατοίλης.

355 1223 416 1273 403.
436 1225 495 1268 'iot’
514 1223 619 1268 stitit.

407 1350 444 1402 Εἰς
461 1347 589 1410 ποδάγραν.

98 1471 262 1551 Μισύπτωχε
275 1470 335 1544 θεὰ,
351 1473 435 1548 μούνη
448 1472 564 1530 πλούτου
580 1469 745 1550 δαμοίτειρα,

136 1567 153 1633 η
166 1562 195 1620 τὸ
206 1564 291 1627 καλῶς
306 1565 384 1633 ζῆσαι
399 1559 508 1619 πάντοτ’
520 1560 700 1635 ἐπισταμένη,

98 1651 120 1706 εί
135 1648 162 1707 δὲ
177 1652 223 1709 καὶ
238 1649 544 1729 ἀλλοτρίοιςέπιῖζομένη
555 1650 618 1708 ποσί
632 1648 750 1739 χαίρεις,

138 1741 286 1818 πιλορορεῐν
301 1741 326 1797 τ’
342 1731 428 1810 οἶδας,
443 1739 487 1797 καὶ
506 1739 576 1817 μύρα
591 1760 632 1798 σοι
644 1737 768 1813 μέλεται,

98 1825 187 1907 τέρπει
203 1829 248 1885 καὶ
263 1827 389 1908 στέφανός
399 1851 445 1895 σε,
462 1827 507 1887 καί
518 1827 646 1888 Αὐσονίαν
661 1825 735 1903 πόμα
753 1825 867 1906 Βάκχου.

139 1919 232 1976 Ταῦτα
250 1917 322 1997 παρὰ
338 1925 455 1996 πτωχοῖς
470 1916 568 1993 γίνεται
584 1917 717 1975 οὐδέποτε.

99 2005 217 2064 Ἰὀύνεκα
233 2013 277 2063 νῦν
292 2005 393 2085 φεύγεις
404 2007 493 2079 πενίης
504 2006 548 2064 τὸν
563 2003 694 2086 α’χοίλκεον
710 2003 801 2076 οὐδὸν,

139 2095 222 2175 τέρπῃ
237 2095 259 2153 δ’
276 2088 308 2153 αθ
324 2096 437 2154 πλούτου
450 2095 513 2174 πρὸς
529 2093 610 2161 πύδας
626 2093 770 2174 ἐρχομένη,

362 2244 423 2291 404.
445 2244 504 2288 ΤΟΥ
520 2243 627 2290 ΑΥΤΟΥ.

102 2367 231 2427 ούδέποτ’
247 2369 282 2432 εἰς
297 2372 436 2447 πορθμεῖον
452 2371 464 2424 θ
479 2367 595 2439 κηλήτης
609 2365 752 2448 Διόφαντος

142 2457 261 2532 {pietur
276 2457 379 2531 μέλλων
395 2463 432 2523 εἰς
450 2457 480 2514 τὸ
493 2457 576 2533 πέραν
589 2457 689 2516 ἇπίναι·

101 2548 147 2613 τῆς
162 2544 244 2615 κήλης
260 2546 281 2601 δ’
296 2546 412 2604 ἔποίνωθε
428 2540 461 2604 ris
475 2542 568 2621 φορτία
584 2542 671 2602 πάντα
684 2543 806 2610 τεθεικὼς

141 2631 241 2689 καὶτὸν
254 2631 310 2690 ὄνον
322 2679 330 2707 ‚
342 2636 447 2692 διαπλεῖ
461 2632 555 2692 sevicie*
569 2635 743 2710 ἐπαράμενοι.

101 2717 187 2779 Ὥστε
201 2722 287 2799 μάτην
305 2723 435 2799 Τρίτωνες
450 2727 475 2781 ἐν
491 2721 568 2779 ὕδασι
581 2721 655 2788 δόξαν
668 2722 784 2801 ἔχουσιν,

142 2812 165 2868 εἰ
180 2812 224 2869 καὶ
237 2811 353 2881 κηλήτης
367 2810 446 2867 ταύτὸ
463 2818 545 2869 ποιεῖν
560 2810 681 2871 δύναται.

360 2957 422 3006 405.
442 2960 501 3004 'ror
519 2959 625 3007 seror.
684 3016 687 3021 ς

105 3085 138 3144 ‘0
152 3085 247 3162 γρυπὸς
259 3085 348 3145 Νίκων
360 3087 517 3163 drag-uiueret
531 3083 599 3143 οίνου
612 3084 725 3162 ἄριστα,

145 3179 172 3233 ού
188 3174 295 3232 δύναται
310 3172 422 3232 δἐἰπεῖν
436 3164 487 3239 οἶος
497 3173 529 3232 ἂν
543 3165 561 3253 ᾖ
576 3172 686 3252 ταχέως.
710 3189 712 3192 ’

106 3262 152 3323 ’iis
168 3263 251 3339 τρισίν
265 3261 345 3343 ὥραις
360 3261 411 3342 γὰρ
426 3269 537 3340 θεριναῖς
552 3263 626 3336 μολις
641 3260 773 3320 αἰσθάνετ’
788 3260 865 3327 αὐτὸς
878 3304 886 3331 ,

146 3358 180 3419 ὡς
196 3353 226 3409 ἂν
245 3350 315 3430 ἔχων
332 3355 425 3429 πηχῶν
442 3353 499 3431 ῥῖνα
517 3350 666 3413 διακοσίων.
837 3360 841 3367 “

106 3440 145 3500 Ὦ
161 3442 276 3518 μεγάλου
293 3443 441 3517 μοκτῆροςί
456 3437 519 3496 ὅταν
529 3439 648 3516 ποταμὸν
662 3436 797 3515 initiis,

149 3529 250 3607 θηρεύει
264 3529 348 3607 τούτῳ
361 3529 487 3594 πολλάκις
498 3526 615 3607 ἰχθύδια.

404 3823 460 3870 4⁰²·
481 3831 595 3864 nnciam.

110 3967 210 4018 Delicias
222 3984 236 4014 a
249 3982 286 4014 me
301 3966 401 4027 iaciant,
415 3966 571 4021 Etesiarum.
586 3967 655 4030 lunge

144 4051 198 4098 ilias
210 4050 264 4098 dico
276 4060 342 4111 tuas,
354 4066 432 4115 qnaeso
444 4065 549 4113 rogoque
559 4053 631 4096 Deos.

111 4135 219 4197 Namque
233 4132 353 4182 horrenda
369 4149 437 4182 roras
451 4130 567 4181 stomachi
578 4131 655 4190 mnia,
666 4129 729 4194 quod
739 4127 801 4178 ieme
812 4128 877 4194 pejus
887 4145 894 4190 ;

145 4218 192 4263 Has
204 4217 298 4281 cupiam
311 4216 398 4265 nostris
409 4215 518 4265 hostibus
530 4232 579 4265 esse
592 4215 674 4280 dapes.

111 4298 176 4360 Quin
191 4307 271 4364 optem
283 4299 388 4349 tolerare
403 4297 504 4355 famem,
517 4315 569 4362 qnae
585 4297 705 4356 maxima3
720 4295 778 4343 dum
792 4310 824 4343 ne

146 4384 221 4444 Cogar
233 4381 324 4431 deliciis
336 4398 375 4431 me
384 4383 471 4431 satiare
481 4382 536 4437 tuis.

410 4551 467 4602 403.
486 4563 602 4596 tonsuris.

112 4709 235 4756 iriendr'eos
247 4707 338 4770 fugiens
353 4708 468 4756 domitrix
481 4710 534 4754 Dea
544 4705 698 4767 divitiarum,

147 4795 286 4858 Exemplum
299 4793 353 4841 rite
368 4802 394 4840 tn
408 4801 475 4856 potes
489 4807 539 4839 esse
551 4790 622 4838 honre
638 4806 644 4838 ε

114 4879 219 4926 hiterius
230 4878 330 4942 pcdibns
341 4894 395 4925 nam
408 4893 553 4942 quamquam
569 4875 673 4923 insidere
685 4873 785 4937 gendes,

146 4966 205 5010 Sunt
219 4972 338 5026 unguenta
352 4962 398 5010 tuis
410 4961 536 5020 crinibus,
550 4975 616 5007 nrma
629 4974 715 5014 manu,
734 5026 736 5029 ι

112 5050 179 5094 Serta
195 5062 251 5100 nec,
264 5045 363 5094 Ausonii
374 5062 419 5093 nec
430 5045 491 5093 desit
501 5043 568 5109 copia
582 5040 684 5100 Bacchi,

149 5130 254 5176 Mendici
267 5127 357 5195 prsehet
369 5128 450 5193 qualia
462 5129 528 5177 nniia
540 5128 633 5174 domus.

116 5217 184 5258 ilsuie
195 5222 219 5259 et
232 5212 342 5275 egestatis
352 5211 468 5260 ierrntnm
484 5210 558 5259 limen
571 5207 700 5262 abhorres,

1196 503 1251 547 402.
1275 509 1426 551 ntnsnsti.

925 642 1000 689 Nonio
1014 639 1075 689 mihi
1088 640 1160 696 harre,
1173 642 1334 699 inminente,
1348 640 1469 690 luxuriam
1484 643 1554 687 tuom

959 728 1032 778 isoint
1045 727 1162 789 (loomin,
1174 744 1223 792 qun
1233 735 1260 778 tu
1270 729 1415 789 luxurieris,

925 819 1001 870 edens
1016 819 1156 869 immaniter
1165 821 1346 871 storuachorum
1358 819 1434 876 ninia,
1445 819 1528 884 pejora
1538 820 1602 868 saure

956 924 1012 972 qum
1026 908 1280 959 utinam-manducent
1291 922 1427 958 suerum-nni
1440 907 1699 970 inimimrurnpucrnti

926 998 1039 1048 Esuriurn
1048 997 1114 1048 enim
1123 1010 1210 1047 rursus
1218 998 1299 1046 adime
1313 997 1391 1059 niagis
1399 1010 1473 1060 cluam
1483 995 1551 1059 prius
1563 995 1710 1049 esurichnrn.
1740 1008 1745 1020 ¹

956 1091 1131 1151 potiusquam
1144 1086 1218 1136 satior
1232 1099 1326 1148 eaquae
1335 1086 1401 1150 uprnd
1415 1087 1440 1135 te
1454 1090 1492 1135 est
1506 1084 1608 1135 luxuria.

1197 1231 1251 1275 403.
1277 1237 1428 1278 EJUSDEhi.

1234 1360 1259 1400 tn
1274 1354 1403 1414 podagram.

929 1477 1221 1541 Odiuhabens-pnuperes
1230 1478 1289 1537 dea,
1305 1477 1357 1528 sola
1371 1477 1512 1527 divitiarum
1525 1475 1655 1536 (lerninis,

960 1571 989 1615 tu
1002 1580 1059 1630 qum
1072 1567 1136 1617 helie
1151 1567 1234 1617 vivore
1248 1578 1345 1630 semper
1358 1566 1424 1627 scis,

928 1655 975 1706 etsi
986 1659 1012 1705 et
1026 1655 1112 1705 alienis
1122 1655 1231 1705 insidens
1241 1654 1344 1719 pedibus
1360 1653 1474 1718 gaudeus,

959 1744 1149 1794 coactilie-i'eree
1162 1743 1237 1803 scies,
1253 1743 1328 1793 etiem
1342 1747 1467 1804 unguenta
1481 1742 1526 1791 tihi
1537 1744 1690 1801 oure-sunt.

929 1833 1036 1883 oblectet
1046 1837 1073 1884 et
1085 1847 1175 1883 corona
1184 1836 1217 1892 to,
1229 1837 1254 1882 et
1264 1832 1365 1882 Ausonii
1378 1837 1450 1896 potus
1459 1831 1555 1881 ltucehi.

959 1924 1019 1971 Haec
1030 1922 1096 1986 apud
1108 1922 1234 1972 mendicos
1245 1921 1335 1971 adsunt
1348 1935 1480 1984 nunquam.

929 2008 987 2059 Ideo
996 2009 1070 2071 igitur
1080 2009 1143 2072 iugis
1157 2008 1310 2073 paupertatis
1323 2009 1434 2058 sinc-cere
1447 2008 1532 2068 limen,

958 2097 1102 2161 juvansque
1117 2097 1355 2148 rursusdivitiarum
1368 2097 1398 2146 ari
1411 2096 1487 2160 pedes
1496 2100 1572 2146 statis.

1208 2245 1263 2290 θθθ.
1287 2250 1438 2295 EJUSDEM.

931 2382 1061 2443 Nunquam
1075 2379 1100 2428 in
1116 2392 1204 2429 narem
1218 2377 1348 2431 herniosus
1359 2378 1514 2444 Diophantus

962 2468 1037 2519 intrat
1050 2470 1075 2518 in
1091 2469 1195 2519 altemm
1208 2468 1267 2518 iiius
1278 2468 1390 2518 abiturus
1406 2488 1412 2516 :

933 2557 978 2607 sed
989 2572 1063 2621 super
1071 2556 1181 2608 herniam
1194 2570 1268 2607 onere
1280 2559 1369 2608 cuncte
1382 2556 1607 2620 postquem-posuit

962 2649 988 2695 ct
999 2645 1109 2706 asinum,
1122 2645 1264 2710 pernaviget
1274 2646 1358 2696 seium
1368 2644 1466 2694 tollens.
1532 2632 1535 2637 ⁴

933 2737 1008 2786 ita-ut
1018 2736 1109 2785 frustra
1122 2733 1236 2785 Tritones
1244 2735 1268 2784 iu
1283 2735 1354 2798 aquis
1362 2733 1461 2784 laudem
1470 2733 1574 2783 irebeeut

964 2824 985 2873 si
998 2827 1024 2874 et
1035 2824 1163 2874 herniosus
1172 2823 1237 2873 idem
1254 2824 1333 2873 t'acere
1346 2824 1437 2886 potest.

1149 3001 1152 3006 -
1178 2958 1181 2964 '
1209 2976 1264 3021 tos.
1288 2980 1440 3023 esnensis.

934 3099 1042 3147 Nasutus
1050 3095 1110 3146 Nico
1118 3095 1237 3146 odoratur·
1247 3096 1330 3145 vinum
1341 3095 1446 3159 optimo,

965 3199 1014 3235 non
1024 3187 1105 3248 potest
1119 3187 1200 3234 autem
1215 3183 1297 3233 dicere
1311 3184 1383 3245 quate
1395 3183 1428 3233 sit
1440 3183 1561 3234 celeriter.

933 3277 963 3323 ln
971 3273 1051 3325 trihus
1064 3273 1131 3324 horis
1141 3273 1205 3324 enirn
1215 3273 1308 3323 aestivis
1321 3271 1362 3322 vix
1373 3272 1447 3321 sentit
1457 3271 1517 3335 ipse,

965 3363 1055 3427 quippe
1069 3363 1111 3427 qui
1125 3363 1213 3411 habeat
1224 3361 1365 3410 cubitorum
1378 3375 1464 3409 nasum
1474 3359 1636 3408 ducentorurz.

935 3451 1015 3500 Prohi
1033 3465 1147 3514 magnum
1164 3453 1264 3500 nasunri
1277 3462 1354 3512 quum
1369 3449 1459 3498 iiurneu
1475 3447 1577 3511 trajicit.

973 3543 1078 3589 venatur
1089 3539 1132 3588 iiio
1143 3552 1313 3602 saepenumero
1328 3537 1469 3601 pisciculos.

972 3784 1009 3832 sd
1022 3783 1160 3848 dominique
1176 3781 1240 3830 renis
1253 3782 1277 3829 in
1293 3781 1343 3830 lare
1356 3781 1405 3829 dite
1416 3779 1496 3846 pedes.

1229 3949 1287 3999 dot.
1307 3957 1423 3990 musone.

941 4080 1002 4130 Navi
1014 4081 1048 4129 nii
1059 4096 1118 4146 opus
1128 4089 1163 4129 est
1175 4076 1333 4144 Diophanto‚
1346 4087 1372 4127 nt
1385 4086 1489 4126 transeat
1499 4093 1592 4125 estruem
1602 4093 1609 4137 ;

974 4165 1060 4229 impiet
1073 4163 1138 4212 enim
1152 4172 1248 4227 turgens
1259 4160 1345 4210 hernia
1357 4160 1425 4209 navis
1437 4175 1506 4225 opus.

941 4248 1070 4297 Hesionam
1082 4247 1213 4298 sarcinulas
1229 4245 1356 4311 ipsumque
1372 4243 1475 4309 imponit
1490 4243 1608 4303 asellum,
1659 4262 1661 4266 ·

976 4335 1004 4380 Et
1017 4318 1113 4380 sinuosa
1127 4331 1209 4379 iesans
1223 4328 1297 4378 iintee
1309 4325 1395 4376 transit
1407 4342 1489 4391 equas.

942 4418 1039 4463 Frustra
1050 4430 1076 4462 se
1087 4412 1177 4477 jactant
1193 4411 1265 4476 igitur
1278 4408 1391 4458 Tritones
1402 4408 1428 4457 in
1440 4407 1526 4462 nndis,

976 4500 1036 4547 Cum
1045 4495 1159 4563 Diophon
1172 4510 1257 4558 magno
1270 4493 1359 4544 ramice
1372 4500 1470 4559 prestet
1485 4491 1559 4542 idem.

1234 4647 1290 4703 tofi.
1314 4662 1430 4695 musnru.

943 4785 1032 4835 Oliacit
1046 4784 1137 4849 egregie
1150 4792 1246 4832 nasutus
1274 4781 1360 4847 poeuis
1373 4781 1466 4841 Nicon,
1555 4838 1557 4843 A

976 4869 1020 4918 Sed
1034 4869 1081 4916 cito
1091 4867 1121 4916 sit
1134 4867 1216 4915 vinum
1228 4867 1309 4915 dicere
1320 4865 1390 4930 quale
1404 4864 1502 4929 neqnit;

946 4955 1004 5001 Nam
1015 4951 1092 4999 tribus
1102 4949 1187 4999 estivis
1200 4949 1238 4997 six
1249 4949 1299 5013 ipss
1308 4947 1333 4996 id
1347 4946 1451 5014 percipit
1464 4944 1543 5001 horis,

978 5035 1016 5082 Bis
1031 5032 1249 5097 ceninmqnoniem
1262 5046 1331 5079 nasus
1346 5029 1402 5079 itin
1414 5028 1516 5078 cubitos.

944 5118 1056 5182 Fgregirn
1071 5132 1154 5177 nasus,
1167 5115 1225 5181 qni,
1242 5115 1260 5163 si
1275 5130 1347 5179 quem
1361 5113 1423 5164 iorte
1433 5129 1476 5180 per
1490 5126 1585 5162 omnem

978 5203 1055 5250 Ducat
1069 5199 1125 5261 iter,
1140 5197 1214 5265 pisces
1223 5214 1273 5246 non
1288 5195 1361 5246 semei
1373 5196 1425 5263 ipse
1437 5194 1511 5262 oepit.

1590 5281 1627 5328 ὓ
