<?xml version="1.0" encoding="UTF-8"?>
<!DOCTYPE html PUBLIC "-//W3C//DTD XHTML 1.0 Transitional//EN"
    "http://www.w3.org/TR/xhtml1/DTD/xhtml1-transitional.dtd">
<html xmlns="http://www.w3.org/1999/xhtml" xml:lang="en" lang="en">
 <head>
  <title>
</title>
<meta http-equiv="Content-Type" content="text/html;charset=utf-8" />
  <meta name='ocr-system' content='tesseract 3.04.00' />
  <meta name='ocr-capabilities' content='ocr_page ocr_carea ocr_par ocr_line ocrx_word'/>
</head>
<body>
  <div class='ocr_page' id='page_1' title='image "./epigrammatumant01plangoog_0358.png"; bbox 0 0 3810 5910; ppageno 0'>
   <div class='ocr_carea' id='block_1_1' title="bbox 191 439 918 772">
    <p class='ocr_par' dir='ltr' id='par_1_1' title="bbox 191 439 918 772">
     <span class='ocr_line' id='line_1_1' title="bbox 424 439 918 501; baseline -0.004 -1"><span class='ocrx_word' id='word_1_1' title='bbox 424 440 548 501; x_wconf 68' lang='lat' dir='ltr'><strong>CAPUT</strong></span> <span class='ocrx_word' id='word_1_2' title='bbox 567 442 616 500; x_wconf 87' lang='lat' dir='ltr'><strong>XI.</strong></span> <span class='ocrx_word' id='word_1_3' title='bbox 640 439 918 501; x_wconf 75' lang='lat' dir='ltr'><strong>EPIGRAMMATA</strong></span> 
     </span>
     <span class='ocr_line' id='line_1_2' title="bbox 191 572 730 653; baseline 0.009 -25"><span class='ocrx_word' id='word_1_4' title='bbox 191 575 303 652; x_wconf 83' lang='grc' dir='ltr'>ρριιιτῶν</span> <span class='ocrx_word' id='word_1_5' title='bbox 319 574 458 648; x_wconf 81' lang='grc' dir='ltr'>δαιμονίων</span> <span class='ocrx_word' id='word_1_6' title='bbox 471 573 617 653; x_wconf 78' lang='grc' dir='ltr'>ἑρμαγέλην</span> <span class='ocrx_word' id='word_1_7' title='bbox 631 572 730 633; x_wconf 84' lang='grc' dir='ltr'>ἔτεκεν.</span> 
     </span>
     <span class='ocr_line' id='line_1_3' title="bbox 257 667 822 772; baseline 0 -2"><span class='ocrx_word' id='word_1_8' title='bbox 257 722 322 772; x_wconf 74' lang='lat' dir='ltr'><strong>aaa.</strong></span> <span class='ocrx_word' id='word_1_9' title='bbox 347 713 517 772; x_wconf 72' lang='lat' dir='ltr'><strong>inseror</strong></span> <span class='ocrx_word' id='word_1_10' title='bbox 539 667 822 771; x_wconf 72' lang='lat' dir='ltr'><strong>nxoansruiorj</strong></span> 
     </span>
    </p>
   </div>
   <div class='ocr_carea' id='block_1_2' title="bbox 89 850 925 2608">
    <p class='ocr_par' dir='ltr' id='par_1_2' title="bbox 89 850 925 2608">
     <span class='ocr_line' id='line_1_4' title="bbox 149 850 849 930; baseline -0.004 -20"><span class='ocrx_word' id='word_1_11' title='bbox 149 851 241 910; x_wconf 79' lang='grc' dir='ltr'>Ἄλλοι</span> <span class='ocrx_word' id='word_1_12' title='bbox 257 852 446 928; x_wconf 77' lang='grc' dir='ltr'>Ἀριστοτέλην,</span> <span class='ocrx_word' id='word_1_13' title='bbox 464 852 653 930; x_wconf 82' lang='grc' dir='ltr'>Νικόστρατον,</span> <span class='ocrx_word' id='word_1_14' title='bbox 665 850 849 923; x_wconf 80' lang='grc' dir='ltr'>ἰσοπλάτωνει,</span> 
     </span>
     <span class='ocr_line' id='line_1_5' title="bbox 189 941 748 1020; baseline -0.004 -22"><span class='ocrx_word' id='word_1_15' title='bbox 189 941 471 1020; x_wconf 82' lang='grc' dir='ltr'>σκινδαλάμορράστην</span> <span class='ocrx_word' id='word_1_16' title='bbox 485 941 628 1011; x_wconf 82' lang='grc' dir='ltr'>αἰπυτάτης</span> <span class='ocrx_word' id='word_1_17' title='bbox 644 941 748 1018; x_wconf 80' lang='grc' dir='ltr'>σορίης,</span> 
     </span>
     <span class='ocr_line' id='line_1_6' title="bbox 149 1028 850 1110; baseline 0.001 -26"><span class='ocrx_word' id='word_1_18' title='bbox 149 1037 206 1085; x_wconf 87' lang='grc' dir='ltr'>τοῖα</span> <span class='ocrx_word' id='word_1_19' title='bbox 219 1029 278 1107; x_wconf 83' lang='grc' dir='ltr'>περὶ</span> <span class='ocrx_word' id='word_1_20' title='bbox 291 1033 377 1110; x_wconf 74' lang='grc' dir='ltr'>ψυχῆς</span> <span class='ocrx_word' id='word_1_21' title='bbox 389 1053 427 1095; x_wconf 89' lang='grc' dir='ltr'><strong>τις</strong></span> <span class='ocrx_word' id='word_1_22' title='bbox 439 1030 568 1107; x_wconf 77' lang='grc' dir='ltr'>ἀνείρετο·</span> <span class='ocrx_word' id='word_1_23' title='bbox 581 1055 592 1080; x_wconf 74' lang='grc' dir='ltr'><strong>ε</strong></span> <span class='ocrx_word' id='word_1_24' title='bbox 604 1031 667 1094; x_wconf 81' lang='grc' dir='ltr'>Πῶς</span> <span class='ocrx_word' id='word_1_25' title='bbox 681 1028 753 1103; x_wconf 83' lang='grc' dir='ltr'>θέμις</span> <span class='ocrx_word' id='word_1_26' title='bbox 768 1029 850 1086; x_wconf 82' lang='grc' dir='ltr'>εἰπεῖν</span> 
     </span>
     <span class='ocr_line' id='line_1_7' title="bbox 190 1116 790 1198; baseline 0.002 -24"><span class='ocrx_word' id='word_1_27' title='bbox 190 1145 200 1166; x_wconf 78' lang='grc' dir='ltr'><strong>ι</strong></span> <span class='ocrx_word' id='word_1_28' title='bbox 216 1118 263 1186; x_wconf 69' lang='grc' dir='ltr'><strong>τὴν</strong></span> <span class='ocrx_word' id='word_1_29' title='bbox 277 1121 383 1198; x_wconf 75' lang='grc' dir='ltr'>ψυχήν,</span> <span class='ocrx_word' id='word_1_30' title='bbox 397 1117 507 1187; x_wconf 77' lang='grc' dir='ltr'>θνητὴν,</span> <span class='ocrx_word' id='word_1_31' title='bbox 519 1117 536 1185; x_wconf 81' lang='grc' dir='ltr'>ἢ</span> <span class='ocrx_word' id='word_1_32' title='bbox 548 1117 628 1175; x_wconf 90' lang='grc' dir='ltr'>πάλιν</span> <span class='ocrx_word' id='word_1_33' title='bbox 643 1116 770 1175; x_wconf 76' lang='grc' dir='ltr'>ἀθάνατον</span> <span class='ocrx_word' id='word_1_34' title='bbox 781 1137 790 1193; x_wconf 80' lang='grc'><strong>;</strong></span> 
     </span>
     <span class='ocr_line' id='line_1_8' title="bbox 108 1202 869 1279; baseline 0 -18"><span class='ocrx_word' id='word_1_35' title='bbox 108 1241 121 1278; x_wconf 61' lang='lat'><strong>⁶</strong></span> <span class='ocrx_word' id='word_1_36' title='bbox 150 1231 161 1253; x_wconf 71' lang='lat' dir='ltr'><strong>u</strong></span> <span class='ocrx_word' id='word_1_37' title='bbox 176 1208 254 1278; x_wconf 79' lang='grc' dir='ltr'>σῶμα</span> <span class='ocrx_word' id='word_1_38' title='bbox 269 1204 296 1263; x_wconf 84' lang='grc' dir='ltr'><strong>δὲ</strong></span> <span class='ocrx_word' id='word_1_39' title='bbox 311 1207 351 1262; x_wconf 88' lang='grc' dir='ltr'><strong>δεῖ</strong></span> <span class='ocrx_word' id='word_1_40' title='bbox 364 1204 477 1263; x_wconf 82' lang='grc' dir='ltr'>καλέειν.</span> <span class='ocrx_word' id='word_1_41' title='bbox 491 1202 508 1273; x_wconf 77' lang='grc' dir='ltr'><strong>ἥ</strong></span> <span class='ocrx_word' id='word_1_42' title='bbox 523 1202 677 1279; x_wconf 72' lang='grc' dir='ltr'>ἀσώματον,</span> <span class='ocrx_word' id='word_1_43' title='bbox 691 1207 716 1263; x_wconf 82' lang='grc' dir='ltr'>ἐν</span> <span class='ocrx_word' id='word_1_44' title='bbox 730 1203 756 1261; x_wconf 82' lang='grc' dir='ltr'><strong>δὲ</strong></span> <span class='ocrx_word' id='word_1_45' title='bbox 769 1212 869 1274; x_wconf 78' lang='grc' dir='ltr'>νοητοῖς</span> 
     </span>
     <span class='ocr_line' id='line_1_9' title="bbox 191 1292 835 1371; baseline -0.005 -20"><span class='ocrx_word' id='word_1_46' title='bbox 191 1322 202 1344; x_wconf 71' lang='grc' dir='ltr'><strong><em>κ</em></strong></span> <span class='ocrx_word' id='word_1_47' title='bbox 216 1294 333 1365; x_wconf 79' lang='grc' dir='ltr'>τακτέον,</span> <span class='ocrx_word' id='word_1_48' title='bbox 345 1292 362 1364; x_wconf 78' lang='lat' dir='ltr'><strong>l,</strong></span> <span class='ocrx_word' id='word_1_49' title='bbox 375 1295 500 1364; x_wconf 84' lang='grc' dir='ltr'>ληπτοῖς,</span> <span class='ocrx_word' id='word_1_50' title='bbox 516 1293 533 1362; x_wconf 77' lang='grc' dir='ltr'><strong>ἦ</strong></span> <span class='ocrx_word' id='word_1_51' title='bbox 548 1292 578 1350; x_wconf 85' lang='grc' dir='ltr'>τὸ</span> <span class='ocrx_word' id='word_1_52' title='bbox 592 1293 786 1371; x_wconf 72' lang='grc' dir='ltr'>συναμφότερον</span> <span class='ocrx_word' id='word_1_53' title='bbox 798 1321 806 1365; x_wconf 84' lang='grc'><strong>;</strong></span> <span class='ocrx_word' id='word_1_54' title='bbox 822 1317 835 1339; x_wconf 72' lang='grc' dir='ltr'>ν</span> 
     </span>
     <span class='ocr_line' id='line_1_10' title="bbox 150 1379 829 1460; baseline -0.004 -21"><span class='ocrx_word' id='word_1_55' title='bbox 150 1381 239 1459; x_wconf 74' lang='grc' dir='ltr'>Αὐτὰρ</span> <span class='ocrx_word' id='word_1_56' title='bbox 254 1380 267 1438; x_wconf 89' lang='grc' dir='ltr'>θ</span> <span class='ocrx_word' id='word_1_57' title='bbox 282 1381 328 1447; x_wconf 78' lang='grc' dir='ltr'><strong>τάς</strong></span> <span class='ocrx_word' id='word_1_58' title='bbox 344 1383 449 1460; x_wconf 76' lang='grc' dir='ltr'>βίὸλους</span> <span class='ocrx_word' id='word_1_59' title='bbox 464 1380 601 1448; x_wconf 75' lang='grc' dir='ltr'>ἀνελέξατο</span> <span class='ocrx_word' id='word_1_60' title='bbox 617 1383 668 1438; x_wconf 82' lang='grc' dir='ltr'><strong>τῶν</strong></span> <span class='ocrx_word' id='word_1_61' title='bbox 682 1379 829 1458; x_wconf 82' lang='grc' dir='ltr'>μετεώρων,</span> 
     </span>
     <span class='ocr_line' id='line_1_11' title="bbox 187 1468 755 1550; baseline -0.002 -24"><span class='ocrx_word' id='word_1_62' title='bbox 187 1470 231 1527; x_wconf 80' lang='grc' dir='ltr'><strong>καί</strong></span> <span class='ocrx_word' id='word_1_63' title='bbox 246 1469 275 1526; x_wconf 82' lang='grc' dir='ltr'>τὸ</span> <span class='ocrx_word' id='word_1_64' title='bbox 287 1469 348 1547; x_wconf 78' lang='grc' dir='ltr'>περὶ</span> <span class='ocrx_word' id='word_1_65' title='bbox 362 1474 448 1550; x_wconf 67' lang='grc' dir='ltr'>ψυχῆς</span> <span class='ocrx_word' id='word_1_66' title='bbox 461 1468 534 1548; x_wconf 80' lang='grc' dir='ltr'>ἔργον</span> <span class='ocrx_word' id='word_1_67' title='bbox 550 1468 755 1547; x_wconf 77' lang='grc' dir='ltr'>Ἀριστοτελους,</span> 
     </span>
     <span class='ocr_line' id='line_1_12' title="bbox 148 1555 881 1637; baseline -0.003 -23"><span class='ocrx_word' id='word_1_68' title='bbox 148 1557 192 1614; x_wconf 78' lang='grc' dir='ltr'><strong>καί</strong></span> <span class='ocrx_word' id='word_1_69' title='bbox 206 1557 280 1637; x_wconf 75' lang='grc' dir='ltr'>παρὰ</span> <span class='ocrx_word' id='word_1_70' title='bbox 294 1560 331 1636; x_wconf 86' lang='grc' dir='ltr'>τῷ</span> <span class='ocrx_word' id='word_1_71' title='bbox 345 1560 466 1617; x_wconf 76' lang='grc' dir='ltr'>Φαίδωνι</span> <span class='ocrx_word' id='word_1_72' title='bbox 484 1555 655 1617; x_wconf 83' lang='grc' dir='ltr'>Πλατωνικὸν</span> <span class='ocrx_word' id='word_1_73' title='bbox 671 1556 733 1636; x_wconf 78' lang='grc' dir='ltr'>θψος</span> <span class='ocrx_word' id='word_1_74' title='bbox 749 1557 881 1632; x_wconf 82' lang='grc' dir='ltr'>ἐπιγνοὺς,</span> 
     </span>
     <span class='ocr_line' id='line_1_13' title="bbox 96 1642 708 1722; baseline 0 -20"><span class='ocrx_word' id='word_1_75' title='bbox 96 1681 118 1714; x_wconf 68' lang='lat'><strong>1„</strong></span> <span class='ocrx_word' id='word_1_76' title='bbox 185 1655 273 1703; x_wconf 80' lang='grc' dir='ltr'>πᾶσαν</span> <span class='ocrx_word' id='word_1_77' title='bbox 289 1646 419 1717; x_wconf 74' lang='grc' dir='ltr'>ἐνησιιήθη</span> <span class='ocrx_word' id='word_1_78' title='bbox 436 1647 560 1703; x_wconf 78' lang='grc' dir='ltr'>πάντοθεν</span> <span class='ocrx_word' id='word_1_79' title='bbox 575 1642 708 1722; x_wconf 84' lang='grc' dir='ltr'>άτρεκίην.</span> 
     </span>
     <span class='ocr_line' id='line_1_14' title="bbox 147 1722 788 1812; baseline -0.003 -22"><span class='ocrx_word' id='word_1_80' title='bbox 147 1723 212 1790; x_wconf 75' lang='grc' dir='ltr'>Εἶτα</span> <span class='ocrx_word' id='word_1_81' title='bbox 228 1735 404 1807; x_wconf 81' lang='grc' dir='ltr'>περιστέλλων</span> <span class='ocrx_word' id='word_1_82' title='bbox 420 1734 449 1791; x_wconf 84' lang='grc' dir='ltr'>τὸ</span> <span class='ocrx_word' id='word_1_83' title='bbox 463 1732 609 1812; x_wconf 79' lang='grc' dir='ltr'>τριθώνιον,</span> <span class='ocrx_word' id='word_1_84' title='bbox 622 1722 678 1790; x_wconf 74' lang='grc' dir='ltr'>εἶτα</span> <span class='ocrx_word' id='word_1_85' title='bbox 690 1730 788 1807; x_wconf 78' lang='grc' dir='ltr'>γενείου</span> 
     </span>
     <span class='ocr_line' id='line_1_15' title="bbox 188 1819 729 1901; baseline -0.004 -25"><span class='ocrx_word' id='word_1_86' title='bbox 188 1820 255 1898; x_wconf 83' lang='grc' dir='ltr'>άκρα</span> <span class='ocrx_word' id='word_1_87' title='bbox 271 1820 444 1901; x_wconf 72' lang='grc' dir='ltr'>καταψήχων,</span> <span class='ocrx_word' id='word_1_88' title='bbox 456 1827 503 1888; x_wconf 77' lang='grc' dir='ltr'><strong>τὴν</strong></span> <span class='ocrx_word' id='word_1_89' title='bbox 518 1821 590 1878; x_wconf 84' lang='grc' dir='ltr'>λύσιν</span> <span class='ocrx_word' id='word_1_90' title='bbox 605 1819 729 1898; x_wconf 73' lang='grc' dir='ltr'>ἐξέφερεν·</span> 
     </span>
     <span class='ocr_line' id='line_1_16' title="bbox 147 1895 841 1988; baseline -0.007 -22"><span class='ocrx_word' id='word_1_91' title='bbox 147 1936 157 1957; x_wconf 76' lang='lat'><strong>¹«</strong></span> <span class='ocrx_word' id='word_1_92' title='bbox 179 1907 260 1984; x_wconf 81' lang='grc' dir='ltr'>Εἴπερ</span> <span class='ocrx_word' id='word_1_93' title='bbox 273 1909 338 1974; x_wconf 75' lang='grc' dir='ltr'>ὅλως</span> <span class='ocrx_word' id='word_1_94' title='bbox 354 1909 410 1967; x_wconf 82' lang='grc' dir='ltr'>ἔστι</span> <span class='ocrx_word' id='word_1_95' title='bbox 425 1913 511 1988; x_wconf 76' lang='grc' dir='ltr'>ψυχῆς</span> <span class='ocrx_word' id='word_1_96' title='bbox 526 1909 599 1987; x_wconf 82' lang='grc' dir='ltr'>ρύσις</span> <span class='ocrx_word' id='word_1_97' title='bbox 614 1907 682 1984; x_wconf 74' lang='grc' dir='ltr'>(οὐδὲ</span> <span class='ocrx_word' id='word_1_98' title='bbox 697 1906 747 1984; x_wconf 84' lang='grc' dir='ltr'>γθιρ</span> <span class='ocrx_word' id='word_1_99' title='bbox 761 1895 841 1981; x_wconf 69' lang='grc' dir='ltr'>οἶδα),</span> 
     </span>
     <span class='ocr_line' id='line_1_17' title="bbox 187 1996 706 2068; baseline -0.004 -14"><span class='ocrx_word' id='word_1_100' title='bbox 187 2025 198 2046; x_wconf 66' lang='lat' dir='ltr'><strong>s</strong></span> <span class='ocrx_word' id='word_1_101' title='bbox 215 1997 231 2066; x_wconf 75' lang='lat' dir='ltr'><strong>i,</strong></span> <span class='ocrx_word' id='word_1_102' title='bbox 244 1997 324 2068; x_wconf 88' lang='grc' dir='ltr'>θνητὴ</span> <span class='ocrx_word' id='word_1_103' title='bbox 339 2001 443 2063; x_wconf 86' lang='grc' dir='ltr'>πάντως</span> <span class='ocrx_word' id='word_1_104' title='bbox 458 1996 553 2067; x_wconf 74' lang='grc' dir='ltr'>ε’στὶνῆ</span> <span class='ocrx_word' id='word_1_105' title='bbox 566 1997 706 2067; x_wconf 78' lang='grc' dir='ltr'>ἀθάνατος,</span> 
     </span>
     <span class='ocr_line' id='line_1_18' title="bbox 94 2079 885 2164; baseline -0.004 -23"><span class='ocrx_word' id='word_1_106' title='bbox 94 2120 116 2152; x_wconf 78' lang='lat' dir='ltr'><strong>m</strong></span> <span class='ocrx_word' id='word_1_107' title='bbox 146 2114 156 2136; x_wconf 73' lang='grc' dir='ltr'>ν</span> <span class='ocrx_word' id='word_1_108' title='bbox 172 2085 329 2164; x_wconf 78' lang='grc' dir='ltr'>στεγνορυὴς</span> <span class='ocrx_word' id='word_1_109' title='bbox 345 2085 362 2155; x_wconf 76' lang='grc' dir='ltr'>ἢ</span> <span class='ocrx_word' id='word_1_110' title='bbox 377 2086 469 2150; x_wconf 85' lang='grc' dir='ltr'>άῦλος·</span> <span class='ocrx_word' id='word_1_111' title='bbox 484 2085 545 2142; x_wconf 83' lang='grc' dir='ltr'>ὅταν</span> <span class='ocrx_word' id='word_1_112' title='bbox 559 2086 581 2142; x_wconf 84' lang='grc' dir='ltr'><strong>δ’</strong></span> <span class='ocrx_word' id='word_1_113' title='bbox 595 2083 733 2160; x_wconf 74' lang='grc' dir='ltr'>Ἀχέροντα</span> <span class='ocrx_word' id='word_1_114' title='bbox 749 2079 885 2160; x_wconf 76' lang='grc' dir='ltr'>περήσῃς,</span> 
     </span>
     <span class='ocr_line' id='line_1_19' title="bbox 185 2170 798 2253; baseline -0.013 -21"><span class='ocrx_word' id='word_1_115' title='bbox 185 2203 195 2223; x_wconf 68' lang='grc' dir='ltr'><strong>ι</strong></span> <span class='ocrx_word' id='word_1_116' title='bbox 212 2178 277 2232; x_wconf 84' lang='grc' dir='ltr'>κεῖθι</span> <span class='ocrx_word' id='word_1_117' title='bbox 289 2177 319 2233; x_wconf 88' lang='grc' dir='ltr'>τὸ</span> <span class='ocrx_word' id='word_1_118' title='bbox 332 2173 459 2253; x_wconf 82' lang='grc' dir='ltr'>νημερτὲς</span> <span class='ocrx_word' id='word_1_119' title='bbox 471 2173 585 2249; x_wconf 78' lang='grc' dir='ltr'>γνώσεαι</span> <span class='ocrx_word' id='word_1_120' title='bbox 597 2176 630 2234; x_wconf 80' lang='grc' dir='ltr'>ὡς</span> <span class='ocrx_word' id='word_1_121' title='bbox 645 2174 659 2229; x_wconf 87' lang='grc' dir='ltr'>θ</span> <span class='ocrx_word' id='word_1_122' title='bbox 674 2170 798 2231; x_wconf 84' lang='grc' dir='ltr'>Πλάτων.</span> 
     </span>
     <span class='ocr_line' id='line_1_20' title="bbox 143 2256 925 2339; baseline -0.012 -16"><span class='ocrx_word' id='word_1_123' title='bbox 143 2291 154 2316; x_wconf 73' lang='grc' dir='ltr'><strong>ι</strong></span> <span class='ocrx_word' id='word_1_124' title='bbox 173 2267 205 2323; x_wconf 79' lang='grc' dir='ltr'><strong>Εἰ</strong></span> <span class='ocrx_word' id='word_1_125' title='bbox 220 2267 242 2322; x_wconf 80' lang='grc' dir='ltr'><strong>δ’</strong></span> <span class='ocrx_word' id='word_1_126' title='bbox 259 2265 368 2333; x_wconf 84' lang='grc' dir='ltr'>ἐθέλεις,</span> <span class='ocrx_word' id='word_1_127' title='bbox 378 2265 422 2323; x_wconf 81' lang='grc' dir='ltr'><strong>τὸν</strong></span> <span class='ocrx_word' id='word_1_128' title='bbox 437 2265 520 2322; x_wconf 86' lang='grc' dir='ltr'>παῖδα</span> <span class='ocrx_word' id='word_1_129' title='bbox 533 2261 715 2339; x_wconf 78' lang='grc' dir='ltr'>Κλεόμὸροτον</span> <span class='ocrx_word' id='word_1_130' title='bbox 727 2256 925 2337; x_wconf 55' lang='lat' dir='ltr'><strong>{suspendam</strong></span> 
     </span>
     <span class='ocr_line' id='line_1_21' title="bbox 184 2349 807 2431; baseline -0.01 -22"><span class='ocrx_word' id='word_1_131' title='bbox 184 2383 195 2402; x_wconf 70' lang='lat' dir='ltr'><strong>n</strong></span> <span class='ocrx_word' id='word_1_132' title='bbox 213 2359 310 2429; x_wconf 82' lang='grc' dir='ltr'>μιμοῦ,</span> <span class='ocrx_word' id='word_1_133' title='bbox 323 2353 369 2412; x_wconf 82' lang='grc' dir='ltr'><strong>καὶ</strong></span> <span class='ocrx_word' id='word_1_134' title='bbox 382 2351 479 2431; x_wconf 79' lang='grc' dir='ltr'>τεγέων</span> <span class='ocrx_word' id='word_1_135' title='bbox 493 2351 538 2408; x_wconf 81' lang='grc' dir='ltr'>σὸν</span> <span class='ocrx_word' id='word_1_136' title='bbox 557 2350 638 2425; x_wconf 85' lang='grc' dir='ltr'>δέμας</span> <span class='ocrx_word' id='word_1_137' title='bbox 650 2349 807 2428; x_wconf 80' lang='grc' dir='ltr'>ε’κχάλασον·</span> 
     </span>
     <span class='ocr_line' id='line_1_22' title="bbox 144 2433 856 2518; baseline -0.013 -19"><span class='ocrx_word' id='word_1_138' title='bbox 144 2467 155 2493; x_wconf 77' lang='grc' dir='ltr'><strong>ι</strong></span> <span class='ocrx_word' id='word_1_139' title='bbox 170 2442 215 2499; x_wconf 86' lang='grc' dir='ltr'><strong>καί</strong></span> <span class='ocrx_word' id='word_1_140' title='bbox 228 2464 272 2498; x_wconf 90' lang='grc' dir='ltr'>ιιεν</span> <span class='ocrx_word' id='word_1_141' title='bbox 284 2442 416 2515; x_wconf 80' lang='grc' dir='ltr'>ἐπιγνοίης</span> <span class='ocrx_word' id='word_1_142' title='bbox 429 2439 490 2518; x_wconf 77' lang='grc' dir='ltr'>δίχα</span> <span class='ocrx_word' id='word_1_143' title='bbox 504 2437 626 2513; x_wconf 82' lang='grc' dir='ltr'>σώματος</span> <span class='ocrx_word' id='word_1_144' title='bbox 643 2439 737 2494; x_wconf 84' lang='grc' dir='ltr'>αὐτίκα</span> <span class='ocrx_word' id='word_1_145' title='bbox 752 2433 856 2505; x_wconf 80' lang='grc' dir='ltr'>σαυτὸν,</span> 
     </span>
     <span class='ocr_line' id='line_1_23' title="bbox 89 2525 823 2608; baseline -0.014 -18"><span class='ocrx_word' id='word_1_146' title='bbox 89 2560 114 2594; x_wconf 77' lang='grc' dir='ltr'><strong>νιν</strong></span> <span class='ocrx_word' id='word_1_147' title='bbox 183 2557 194 2579; x_wconf 71' lang='grc' dir='ltr'>κ</span> <span class='ocrx_word' id='word_1_148' title='bbox 211 2536 305 2605; x_wconf 65' lang='grc' dir='ltr'>μοῦνον</span> <span class='ocrx_word' id='word_1_149' title='bbox 322 2527 386 2608; x_wconf 75' lang='grc' dir='ltr'>ὅπερ</span> <span class='ocrx_word' id='word_1_150' title='bbox 400 2533 484 2600; x_wconf 85' lang='grc' dir='ltr'>ζητεῖς</span> <span class='ocrx_word' id='word_1_151' title='bbox 498 2526 567 2586; x_wconf 77' lang='grc' dir='ltr'>τοῦθ’</span> <span class='ocrx_word' id='word_1_152' title='bbox 579 2525 795 2600; x_wconf 72' lang='grc' dir='ltr'>ὑπολειπόμενος.</span> <span class='ocrx_word' id='word_1_153' title='bbox 811 2551 823 2574; x_wconf 77' lang='grc' dir='ltr'>ν</span> 
     </span>
    </p>
   </div>
   <div class='ocr_carea' id='block_1_3' title="bbox 395 2676 675 2735">
    <p class='ocr_par' dir='ltr' id='par_1_3' title="bbox 395 2676 675 2735">
     <span class='ocr_line' id='line_1_24' title="bbox 395 2676 675 2735; baseline -0.014 -1"><span class='ocrx_word' id='word_1_154' title='bbox 395 2684 461 2735; x_wconf 82' lang='grc'><strong>355.</strong></span> <span class='ocrx_word' id='word_1_155' title='bbox 484 2676 675 2734; x_wconf 73' lang='lat' dir='ltr'><strong>ninutas.</strong></span> 
     </span>
    </p>
   </div>
   <div class='ocr_carea' id='block_1_4' title="bbox 143 2805 924 2983">
    <p class='ocr_par' dir='ltr' id='par_1_4' title="bbox 143 2805 924 2983">
     <span class='ocr_line' id='line_1_25' title="bbox 143 2805 924 2889; baseline -0.012 -17"><span class='ocrx_word' id='word_1_156' title='bbox 143 2814 236 2872; x_wconf 82' lang='grc' dir='ltr'>Πάντα</span> <span class='ocrx_word' id='word_1_157' title='bbox 253 2814 299 2889; x_wconf 83' lang='grc' dir='ltr'>μὲν</span> <span class='ocrx_word' id='word_1_158' title='bbox 315 2805 388 2886; x_wconf 77' lang='grc' dir='ltr'>οἶδα,</span> <span class='ocrx_word' id='word_1_159' title='bbox 405 2813 502 2889; x_wconf 83' lang='grc' dir='ltr'>λέγεις·</span> <span class='ocrx_word' id='word_1_160' title='bbox 513 2812 607 2882; x_wconf 77' lang='grc' dir='ltr'>ἀτελὴς</span> <span class='ocrx_word' id='word_1_161' title='bbox 618 2811 640 2868; x_wconf 87' lang='grc' dir='ltr'><strong>δ’</strong></span> <span class='ocrx_word' id='word_1_162' title='bbox 652 2814 677 2869; x_wconf 78' lang='grc' dir='ltr'>ἐν</span> <span class='ocrx_word' id='word_1_163' title='bbox 694 2818 773 2866; x_wconf 78' lang='grc' dir='ltr'>πᾶσιν</span> <span class='ocrx_word' id='word_1_164' title='bbox 790 2805 924 2886; x_wconf 75' lang='grc' dir='ltr'>ὑπάρχεις,</span> 
     </span>
     <span class='ocr_line' id='line_1_26' title="bbox 181 2899 703 2983; baseline -0.008 -21"><span class='ocrx_word' id='word_1_165' title='bbox 181 2906 319 2983; x_wconf 82' lang='grc' dir='ltr'>γενόμενος</span> <span class='ocrx_word' id='word_1_166' title='bbox 334 2903 452 2974; x_wconf 88' lang='grc' dir='ltr'>πάντων,</span> <span class='ocrx_word' id='word_1_167' title='bbox 466 2901 539 2960; x_wconf 76' lang='grc' dir='ltr'>οὐδὲν</span> <span class='ocrx_word' id='word_1_168' title='bbox 552 2902 620 2980; x_wconf 75' lang='grc' dir='ltr'>ἔχεις</span> <span class='ocrx_word' id='word_1_169' title='bbox 629 2899 703 2958; x_wconf 83' lang='grc' dir='ltr'>ἴδιον.</span> 
     </span>
    </p>
   </div>
   <div class='ocr_carea' id='block_1_5' title="bbox 389 3055 671 3108">
    <p class='ocr_par' dir='ltr' id='par_1_5' title="bbox 389 3055 671 3108">
     <span class='ocr_line' id='line_1_27' title="bbox 389 3055 671 3108; baseline -0.018 -2"><span class='ocrx_word' id='word_1_170' title='bbox 389 3057 451 3108; x_wconf 78' lang='grc'><strong>356.</strong></span> <span class='ocrx_word' id='word_1_171' title='bbox 476 3055 671 3104; x_wconf 78' lang='grc' dir='ltr'><strong>ΑΔΕΣΠΟΤΟΝ.</strong></span> 
     </span>
    </p>
   </div>
   <div class='ocr_carea' id='block_1_6' title="bbox 139 3187 803 3364">
    <p class='ocr_par' dir='ltr' id='par_1_6' title="bbox 139 3187 803 3364">
     <span class='ocr_line' id='line_1_28' title="bbox 139 3187 803 3274; baseline -0.017 -20"><span class='ocrx_word' id='word_1_172' title='bbox 139 3199 187 3259; x_wconf 80' lang='grc' dir='ltr'>Εἷς</span> <span class='ocrx_word' id='word_1_173' title='bbox 200 3196 230 3253; x_wconf 82' lang='grc' dir='ltr'><strong>σὲ</strong></span> <span class='ocrx_word' id='word_1_174' title='bbox 242 3195 287 3252; x_wconf 77' lang='grc' dir='ltr'><strong>καί</strong></span> <span class='ocrx_word' id='word_1_175' title='bbox 299 3195 414 3274; x_wconf 65' lang='grc' dir='ltr'>ἀψευδὴς</span> <span class='ocrx_word' id='word_1_176' title='bbox 427 3194 555 3274; x_wconf 71' lang='grc' dir='ltr'>ἐψεύσατο</span> <span class='ocrx_word' id='word_1_177' title='bbox 569 3190 658 3270; x_wconf 76' lang='grc' dir='ltr'>βίὸλος</span> <span class='ocrx_word' id='word_1_178' title='bbox 668 3187 803 3263; x_wconf 68' lang='grc' dir='ltr'>Ὁμήρου,</span> 
     </span>
     <span class='ocr_line' id='line_1_29' title="bbox 139 3279 774 3364; baseline -0.013 -21"><span class='ocrx_word' id='word_1_179' title='bbox 139 3285 287 3364; x_wconf 79' lang='grc' dir='ltr'>ὁπλοτέρων</span> <span class='ocrx_word' id='word_1_180' title='bbox 300 3284 432 3342; x_wconf 80' lang='grc' dir='ltr'>ἐνέπουσα</span> <span class='ocrx_word' id='word_1_181' title='bbox 446 3283 562 3361; x_wconf 79' lang='grc' dir='ltr'>μετήορα</span> <span class='ocrx_word' id='word_1_182' title='bbox 579 3280 658 3350; x_wconf 80' lang='grc' dir='ltr'>δήνεα</span> <span class='ocrx_word' id='word_1_183' title='bbox 672 3279 774 3358; x_wconf 79' lang='grc' dir='ltr'>φωτῶν.</span> 
     </span>
    </p>
   </div>
   <div class='ocr_carea' id='block_1_7' title="bbox 390 3427 673 3487">
    <p class='ocr_par' dir='ltr' id='par_1_7' title="bbox 390 3427 673 3487">
     <span class='ocr_line' id='line_1_30' title="bbox 390 3427 673 3487; baseline -0.021 0"><span class='ocrx_word' id='word_1_184' title='bbox 390 3438 459 3487; x_wconf 77' lang='grc'><strong>351.</strong></span> <span class='ocrx_word' id='word_1_185' title='bbox 483 3427 673 3486; x_wconf 79' lang='grc' dir='ltr'><strong>ΠΑΛΑΑΔΑ.</strong></span> 
     </span>
    </p>
   </div>
   <div class='ocr_carea' id='block_1_8' title="bbox 138 3564 805 3732">
    <p class='ocr_par' dir='ltr' id='par_1_8' title="bbox 138 3564 805 3732">
     <span class='ocr_line' id='line_1_31' title="bbox 138 3564 743 3647; baseline -0.023 -16"><span class='ocrx_word' id='word_1_186' title='bbox 138 3571 199 3634; x_wconf 73' lang='grc' dir='ltr'>Υἱὸς</span> <span class='ocrx_word' id='word_1_187' title='bbox 212 3571 256 3626; x_wconf 80' lang='grc' dir='ltr'><strong>καὶ</strong></span> <span class='ocrx_word' id='word_1_188' title='bbox 272 3570 379 3647; x_wconf 75' lang='grc' dir='ltr'>γενετὴρ</span> <span class='ocrx_word' id='word_1_189' title='bbox 396 3572 469 3646; x_wconf 77' lang='grc' dir='ltr'>δῆριν</span> <span class='ocrx_word' id='word_1_190' title='bbox 484 3566 626 3646; x_wconf 81' lang='grc' dir='ltr'>ριλόνεικον</span> <span class='ocrx_word' id='word_1_191' title='bbox 643 3564 743 3631; x_wconf 86' lang='grc' dir='ltr'>ἔθεντο,</span> 
     </span>
     <span class='ocr_line' id='line_1_32' title="bbox 177 3647 805 3732; baseline -0.013 -19"><span class='ocrx_word' id='word_1_192' title='bbox 177 3658 216 3721; x_wconf 78' lang='grc' dir='ltr'><strong>τίς</strong></span> <span class='ocrx_word' id='word_1_193' title='bbox 229 3658 308 3715; x_wconf 75' lang='grc' dir='ltr'>πλέον</span> <span class='ocrx_word' id='word_1_194' title='bbox 320 3660 474 3716; x_wconf 84' lang='grc' dir='ltr'>ίιιδιιπανῶν</span> <span class='ocrx_word' id='word_1_195' title='bbox 489 3658 584 3732; x_wconf 75' lang='grc' dir='ltr'>κλῆρον</span> <span class='ocrx_word' id='word_1_196' title='bbox 602 3652 706 3710; x_wconf 78' lang='grc' dir='ltr'>ἅπαντα</span> <span class='ocrx_word' id='word_1_197' title='bbox 722 3647 805 3728; x_wconf 79' lang='grc' dir='ltr'>φάγῃ.</span> 
     </span>
    </p>
   </div>
   <div class='ocr_carea' id='block_1_9' title="bbox 942 405 1479 500">
    <p class='ocr_par' dir='ltr' id='par_1_9' title="bbox 942 405 1479 500">
     <span class='ocr_line' id='line_1_33' title="bbox 942 405 1479 500; baseline 0 -1"><span class='ocrx_word' id='word_1_198' title='bbox 942 439 1173 499; x_wconf 74' lang='lat' dir='ltr'><strong>conuiuium</strong></span> <span class='ocrx_word' id='word_1_199' title='bbox 1193 405 1244 496; x_wconf 66' lang='lat' dir='ltr'><strong>⁴ur</strong></span> <span class='ocrx_word' id='word_1_200' title='bbox 1267 439 1479 500; x_wconf 71' lang='lat' dir='ltr'><strong>lantsonis:</strong></span> 
     </span>
    </p>
   </div>
   <div class='ocr_carea' id='block_1_10' title="bbox 1007 447 1749 788">
    <p class='ocr_par' dir='ltr' id='par_1_10' title="bbox 1007 447 1749 788">
     <span class='ocr_line' id='line_1_34' title="bbox 1692 447 1749 505; baseline -0.018 0"><span class='ocrx_word' id='word_1_201' title='bbox 1692 447 1749 505; x_wconf 75' lang='lat' dir='ltr'><strong>aas</strong></span> 
     </span>
     <span class='ocr_line' id='line_1_35' title="bbox 1007 589 1706 660; baseline 0.004 -21"><span class='ocrx_word' id='word_1_202' title='bbox 1007 589 1159 639; x_wconf 81' lang='lat' dir='ltr'>horribilium</span> <span class='ocrx_word' id='word_1_203' title='bbox 1168 589 1308 639; x_wconf 71' lang='lat' dir='ltr'><strong>dromonum</strong></span> <span class='ocrx_word' id='word_1_204' title='bbox 1320 593 1599 658; x_wconf 71' lang='lat' dir='ltr'><strong>mercurialem-gregem</strong></span> <span class='ocrx_word' id='word_1_205' title='bbox 1612 595 1706 660; x_wconf 83' lang='lat' dir='ltr'><strong>genuit.</strong></span> 
     </span>
     <span class='ocr_line' id='line_1_36' title="bbox 1144 736 1585 788; baseline 0.007 -5"><span class='ocrx_word' id='word_1_206' title='bbox 1144 737 1198 783; x_wconf 78' lang='lat'><strong>³54.</strong></span> <span class='ocrx_word' id='word_1_207' title='bbox 1212 736 1359 784; x_wconf 77' lang='lat' dir='ltr'><strong>AGATHIAE</strong></span> <span class='ocrx_word' id='word_1_208' title='bbox 1374 737 1585 788; x_wconf 76' lang='lat' dir='ltr'><strong>senonisttcr.</strong></span> 
     </span>
    </p>
   </div>
   <div class='ocr_carea' id='block_1_11' title="bbox 973 875 1755 1819">
    <p class='ocr_par' dir='ltr' id='par_1_11' title="bbox 973 875 1755 1819">
     <span class='ocr_line' id='line_1_37' title="bbox 975 875 1682 942; baseline 0.001 -15"><span class='ocrx_word' id='word_1_209' title='bbox 975 878 1085 927; x_wconf 75' lang='lat' dir='ltr'><strong>Alterum</strong></span> <span class='ocrx_word' id='word_1_210' title='bbox 1098 875 1263 936; x_wconf 79' lang='lat' dir='ltr'>Aristotelem,</span> <span class='ocrx_word' id='word_1_211' title='bbox 1280 875 1459 934; x_wconf 81' lang='lat' dir='ltr'><strong>Nicostratum,</strong></span> <span class='ocrx_word' id='word_1_212' title='bbox 1473 877 1682 942; x_wconf 86' lang='lat' dir='ltr'><strong>parem-Platoni,</strong></span> 
     </span>
     <span class='ocr_line' id='line_1_38' title="bbox 1004 963 1704 1029; baseline 0.003 -15"><span class='ocrx_word' id='word_1_213' title='bbox 1004 963 1363 1015; x_wconf 82' lang='lat' dir='ltr'><strong>tenuissimum-rationatorem</strong></span> <span class='ocrx_word' id='word_1_214' title='bbox 1376 965 1516 1016; x_wconf 74' lang='lat' dir='ltr'><strong>elatissimis</strong></span> <span class='ocrx_word' id='word_1_215' title='bbox 1528 965 1704 1029; x_wconf 68' lang='lat' dir='ltr'><strong>philosophica,</strong></span> 
     </span>
     <span class='ocr_line' id='line_1_39' title="bbox 974 1051 1754 1117; baseline 0 -15"><span class='ocrx_word' id='word_1_216' title='bbox 974 1053 1033 1103; x_wconf 87' lang='lat' dir='ltr'><strong>talia</strong></span> <span class='ocrx_word' id='word_1_217' title='bbox 1050 1052 1081 1102; x_wconf 87' lang='lat' dir='ltr'><strong>de</strong></span> <span class='ocrx_word' id='word_1_218' title='bbox 1094 1051 1174 1102; x_wconf 86' lang='lat' dir='ltr'><strong>anima</strong></span> <span class='ocrx_word' id='word_1_219' title='bbox 1188 1052 1277 1116; x_wconf 88' lang='lat' dir='ltr'><strong>aliquis</strong></span> <span class='ocrx_word' id='word_1_220' title='bbox 1290 1051 1470 1117; x_wconf 82' lang='lat' dir='ltr'><strong>interrogavit:</strong></span> <span class='ocrx_word' id='word_1_221' title='bbox 1492 1072 1503 1095; x_wconf 74' lang='grc' dir='ltr'>«ι</span> <span class='ocrx_word' id='word_1_222' title='bbox 1518 1054 1648 1112; x_wconf 80' lang='lat' dir='ltr'><strong>Quomodo</strong></span> <span class='ocrx_word' id='word_1_223' title='bbox 1665 1054 1703 1104; x_wconf 86' lang='lat' dir='ltr'><strong>ias</strong></span> <span class='ocrx_word' id='word_1_224' title='bbox 1719 1057 1754 1104; x_wconf 86' lang='lat' dir='ltr'><strong>cst</strong></span> 
     </span>
     <span class='ocr_line' id='line_1_40' title="bbox 1007 1139 1755 1204; baseline -0.003 -14"><span class='ocrx_word' id='word_1_225' title='bbox 1007 1141 1128 1190; x_wconf 85' lang='lat' dir='ltr'><strong>animam?</strong></span> <span class='ocrx_word' id='word_1_226' title='bbox 1139 1140 1282 1199; x_wconf 78' lang='lat' dir='ltr'><strong>mortalem,</strong></span> <span class='ocrx_word' id='word_1_227' title='bbox 1294 1142 1338 1189; x_wconf 85' lang='lat' dir='ltr'><strong>ant</strong></span> <span class='ocrx_word' id='word_1_228' title='bbox 1351 1152 1437 1189; x_wconf 87' lang='lat' dir='ltr'><strong>rursus</strong></span> <span class='ocrx_word' id='word_1_229' title='bbox 1449 1140 1626 1190; x_wconf 74' lang='lat' dir='ltr'><strong>immortalem?</strong></span> <span class='ocrx_word' id='word_1_230' title='bbox 1666 1139 1755 1204; x_wconf 86' lang='lat' dir='ltr'><strong>[dicere</strong></span> 
     </span>
     <span class='ocr_line' id='line_1_41' title="bbox 975 1228 1754 1292; baseline -0.004 -13"><span class='ocrx_word' id='word_1_231' title='bbox 975 1233 999 1280; x_wconf 88' lang='lat' dir='ltr'><strong>el</strong></span> <span class='ocrx_word' id='word_1_232' title='bbox 1009 1242 1098 1292; x_wconf 86' lang='lat' dir='ltr'><strong>corpus</strong></span> <span class='ocrx_word' id='word_1_233' title='bbox 1107 1231 1204 1292; x_wconf 86' lang='lat' dir='ltr'><strong>oportet</strong></span> <span class='ocrx_word' id='word_1_234' title='bbox 1212 1241 1242 1277; x_wconf 85' lang='lat' dir='ltr'><strong>ua</strong></span> <span class='ocrx_word' id='word_1_235' title='bbox 1256 1241 1344 1277; x_wconf 86' lang='lat' dir='ltr'><strong>vocare</strong></span> <span class='ocrx_word' id='word_1_236' title='bbox 1353 1266 1359 1288; x_wconf 89' lang='lat'><strong>,</strong></span> <span class='ocrx_word' id='word_1_237' title='bbox 1368 1241 1399 1276; x_wconf 90' lang='lat' dir='ltr'><strong>an</strong></span> <span class='ocrx_word' id='word_1_238' title='bbox 1410 1228 1673 1290; x_wconf 80' lang='lat' dir='ltr'><strong>corporis-expertem?</strong></span> <span class='ocrx_word' id='word_1_239' title='bbox 1683 1228 1708 1277; x_wconf 92' lang='lat' dir='ltr'><strong>in</strong></span> <span class='ocrx_word' id='word_1_240' title='bbox 1717 1228 1754 1277; x_wconf 90' lang='lat' dir='ltr'><strong>in·</strong></span> 
     </span>
     <span class='ocr_line' id='line_1_42' title="bbox 1006 1313 1755 1378; baseline -0.004 -14"><span class='ocrx_word' id='word_1_241' title='bbox 1006 1314 1171 1378; x_wconf 81' lang='lat' dir='ltr'><strong>telligibilibua</strong></span> <span class='ocrx_word' id='word_1_242' title='bbox 1178 1313 1297 1378; x_wconf 79' lang='lat' dir='ltr'><strong>ponenda,</strong></span> <span class='ocrx_word' id='word_1_243' title='bbox 1305 1327 1334 1364; x_wconf 87' lang='lat' dir='ltr'><strong>an</strong></span> <span class='ocrx_word' id='word_1_244' title='bbox 1342 1313 1755 1378; x_wconf 63' lang='lat' dir='ltr'><strong>sensibilibusaucstutrumquee·</strong></span> 
     </span>
     <span class='ocr_line' id='line_1_43' title="bbox 976 1403 1512 1468; baseline -0.004 -14"><span class='ocrx_word' id='word_1_245' title='bbox 976 1408 1055 1466; x_wconf 81' lang='lat' dir='ltr'><strong>atque</strong></span> <span class='ocrx_word' id='word_1_246' title='bbox 1069 1405 1109 1453; x_wconf 90' lang='lat' dir='ltr'><strong>ilie</strong></span> <span class='ocrx_word' id='word_1_247' title='bbox 1120 1404 1194 1455; x_wconf 88' lang='lat' dir='ltr'><strong>libros</strong></span> <span class='ocrx_word' id='word_1_248' title='bbox 1209 1404 1266 1468; x_wconf 79' lang='lat' dir='ltr'><strong>legit</strong></span> <span class='ocrx_word' id='word_1_249' title='bbox 1277 1403 1512 1466; x_wconf 79' lang='lat' dir='ltr'><strong>ruetapbysiaornm,</strong></span> 
     </span>
     <span class='ocr_line' id='line_1_44' title="bbox 1005 1491 1414 1555; baseline -0.002 -13"><span class='ocrx_word' id='word_1_250' title='bbox 1005 1497 1030 1542; x_wconf 83' lang='lat' dir='ltr'><strong>et</strong></span> <span class='ocrx_word' id='word_1_251' title='bbox 1044 1492 1075 1543; x_wconf 90' lang='lat' dir='ltr'><strong>de</strong></span> <span class='ocrx_word' id='word_1_252' title='bbox 1089 1493 1170 1542; x_wconf 83' lang='lat' dir='ltr'><strong>anima</strong></span> <span class='ocrx_word' id='word_1_253' title='bbox 1183 1506 1246 1555; x_wconf 82' lang='lat' dir='ltr'><strong>opus</strong></span> <span class='ocrx_word' id='word_1_254' title='bbox 1262 1491 1414 1552; x_wconf 78' lang='lat' dir='ltr'><strong>Aristotelis,</strong></span> 
     </span>
     <span class='ocr_line' id='line_1_45' title="bbox 976 1577 1602 1640; baseline -0.005 -11"><span class='ocrx_word' id='word_1_255' title='bbox 976 1583 1001 1629; x_wconf 90' lang='lat' dir='ltr'><strong>et</strong></span> <span class='ocrx_word' id='word_1_256' title='bbox 1013 1580 1037 1628; x_wconf 89' lang='lat' dir='ltr'><strong>iu</strong></span> <span class='ocrx_word' id='word_1_257' title='bbox 1053 1577 1174 1628; x_wconf 75' lang='lat' dir='ltr'><strong>Phaedone</strong></span> <span class='ocrx_word' id='word_1_258' title='bbox 1190 1577 1315 1628; x_wconf 84' lang='lat' dir='ltr'><strong>Platonica</strong></span> <span class='ocrx_word' id='word_1_259' title='bbox 1328 1577 1480 1627; x_wconf 85' lang='lat' dir='ltr'><strong>sublimitate</strong></span> <span class='ocrx_word' id='word_1_260' title='bbox 1492 1577 1602 1640; x_wconf 78' lang='lat' dir='ltr'><strong>cognitu,</strong></span> 
     </span>
     <span class='ocr_line' id='line_1_46' title="bbox 1004 1665 1487 1729; baseline -0.006 -12"><span class='ocrx_word' id='word_1_261' title='bbox 1004 1667 1070 1717; x_wconf 91' lang='lat' dir='ltr'><strong>omni</strong></span> <span class='ocrx_word' id='word_1_262' title='bbox 1084 1666 1240 1716; x_wconf 84' lang='lat' dir='ltr'><strong>se·instrnxit</strong></span> <span class='ocrx_word' id='word_1_263' title='bbox 1254 1665 1363 1729; x_wconf 88' lang='lat' dir='ltr'><strong>undique</strong></span> <span class='ocrx_word' id='word_1_264' title='bbox 1376 1665 1487 1715; x_wconf 84' lang='lat' dir='ltr'><strong>raritate.</strong></span> 
     </span>
     <span class='ocr_line' id='line_1_47' title="bbox 973 1752 1522 1819; baseline -0.007 -14"><span class='ocrx_word' id='word_1_265' title='bbox 973 1756 1035 1806; x_wconf 87' lang='lat' dir='ltr'><strong>Dein</strong></span> <span class='ocrx_word' id='word_1_266' title='bbox 1047 1768 1194 1819; x_wconf 87' lang='lat' dir='ltr'><strong>componens</strong></span> <span class='ocrx_word' id='word_1_267' title='bbox 1205 1754 1343 1817; x_wconf 77' lang='lat' dir='ltr'><strong>pomulam,</strong></span> <span class='ocrx_word' id='word_1_268' title='bbox 1355 1752 1412 1803; x_wconf 88' lang='lat' dir='ltr'><strong>inde</strong></span> <span class='ocrx_word' id='word_1_269' title='bbox 1423 1753 1522 1802; x_wconf 80' lang='lat' dir='ltr'>barbam</span> 
     </span>
    </p>
   </div>
   <div class='ocr_carea' id='block_1_12' title="bbox 975 1840 1669 1988">
    <p class='ocr_par' dir='ltr' id='par_1_12' title="bbox 975 1840 1669 1988">
     <span class='ocr_line' id='line_1_48' title="bbox 1004 1840 1558 1906; baseline -0.005 -14"><span class='ocrx_word' id='word_1_270' title='bbox 1004 1843 1077 1892; x_wconf 87' lang='lat' dir='ltr'><strong>imam</strong></span> <span class='ocrx_word' id='word_1_271' title='bbox 1091 1840 1279 1906; x_wconf 87' lang='lat' dir='ltr'><strong>muleens,banc</strong></span> <span class='ocrx_word' id='word_1_272' title='bbox 1292 1840 1439 1890; x_wconf 88' lang='lat' dir='ltr'><strong>solutionem</strong></span> <span class='ocrx_word' id='word_1_273' title='bbox 1452 1841 1538 1890; x_wconf 84' lang='lat' dir='ltr'><strong>extulit</strong></span> <span class='ocrx_word' id='word_1_274' title='bbox 1552 1861 1558 1889; x_wconf 77' lang='grc' dir='ltr'><strong>ι</strong></span> 
     </span>
     <span class='ocr_line' id='line_1_49' title="bbox 975 1924 1669 1988; baseline -0.006 -12"><span class='ocrx_word' id='word_1_275' title='bbox 975 1948 986 1970; x_wconf 89' lang='lat'>«</span> <span class='ocrx_word' id='word_1_276' title='bbox 1003 1927 1027 1976; x_wconf 87' lang='lat' dir='ltr'><strong>si</strong></span> <span class='ocrx_word' id='word_1_277' title='bbox 1041 1927 1140 1976; x_wconf 92' lang='lat' dir='ltr'><strong>omnino</strong></span> <span class='ocrx_word' id='word_1_278' title='bbox 1154 1929 1192 1975; x_wconf 89' lang='lat' dir='ltr'><strong>est</strong></span> <span class='ocrx_word' id='word_1_279' title='bbox 1204 1925 1292 1974; x_wconf 78' lang='lat' dir='ltr'><strong>animia</strong></span> <span class='ocrx_word' id='word_1_280' title='bbox 1304 1929 1393 1975; x_wconf 87' lang='lat' dir='ltr'><strong>natura</strong></span> <span class='ocrx_word' id='word_1_281' title='bbox 1407 1925 1573 1988; x_wconf 86' lang='lat' dir='ltr'><strong>(nequeenim</strong></span> <span class='ocrx_word' id='word_1_282' title='bbox 1588 1924 1669 1987; x_wconf 86' lang='lat' dir='ltr'><strong>novi),</strong></span> 
     </span>
    </p>
   </div>
   <div class='ocr_carea' id='block_1_13' title="bbox 971 2014 1752 2603">
    <p class='ocr_par' dir='ltr' id='par_1_13' title="bbox 971 2014 1752 2603">
     <span class='ocr_line' id='line_1_50' title="bbox 1003 2014 1545 2073; baseline -0.002 -8"><span class='ocrx_word' id='word_1_283' title='bbox 1003 2020 1047 2065; x_wconf 86' lang='lat' dir='ltr'><strong>ant</strong></span> <span class='ocrx_word' id='word_1_284' title='bbox 1057 2016 1167 2066; x_wconf 85' lang='lat' dir='ltr'><strong>mortalis</strong></span> <span class='ocrx_word' id='word_1_285' title='bbox 1179 2014 1278 2065; x_wconf 90' lang='lat' dir='ltr'><strong>omnino</strong></span> <span class='ocrx_word' id='word_1_286' title='bbox 1285 2019 1323 2065; x_wconf 87' lang='lat' dir='ltr'><strong>cst</strong></span> <span class='ocrx_word' id='word_1_287' title='bbox 1335 2019 1377 2064; x_wconf 87' lang='lat' dir='ltr'><strong>aut</strong></span> <span class='ocrx_word' id='word_1_288' title='bbox 1388 2016 1545 2073; x_wconf 76' lang='lat' dir='ltr'><strong>immortalis,</strong></span> 
     </span>
     <span class='ocr_line' id='line_1_51' title="bbox 972 2098 1752 2164; baseline 0 -15"><span class='ocrx_word' id='word_1_289' title='bbox 972 2100 1190 2164; x_wconf 87' lang='lat' dir='ltr'><strong>solida-compacta</strong></span> <span class='ocrx_word' id='word_1_290' title='bbox 1199 2103 1243 2148; x_wconf 88' lang='lat' dir='ltr'><strong>aut</strong></span> <span class='ocrx_word' id='word_1_291' title='bbox 1252 2098 1418 2149; x_wconf 87' lang='lat' dir='ltr'><strong>immaterialis</strong></span> <span class='ocrx_word' id='word_1_292' title='bbox 1432 2113 1525 2162; x_wconf 84' lang='lat' dir='ltr'><strong>:quum</strong></span> <span class='ocrx_word' id='word_1_293' title='bbox 1536 2103 1619 2149; x_wconf 86' lang='lat' dir='ltr'><strong>autem</strong></span> <span class='ocrx_word' id='word_1_294' title='bbox 1633 2099 1752 2150; x_wconf 81' lang='lat' dir='ltr'><strong>Acherou-</strong></span> 
     </span>
     <span class='ocr_line' id='line_1_52' title="bbox 1002 2185 1751 2249; baseline -0.001 -12"><span class='ocrx_word' id='word_1_295' title='bbox 1002 2187 1052 2237; x_wconf 90' lang='lat' dir='ltr'><strong>illic</strong></span> <span class='ocrx_word' id='word_1_296' title='bbox 1066 2187 1195 2237; x_wconf 82' lang='lat' dir='ltr'><strong>veritatem</strong></span> <span class='ocrx_word' id='word_1_297' title='bbox 1206 2198 1294 2236; x_wconf 76' lang='grc' dir='ltr'>ιιοεεοε</span> <span class='ocrx_word' id='word_1_298' title='bbox 1306 2189 1336 2235; x_wconf 89' lang='grc' dir='ltr'><strong>ιιι</strong></span> <span class='ocrx_word' id='word_1_299' title='bbox 1350 2185 1427 2235; x_wconf 81' lang='lat' dir='ltr'><strong>Plato.</strong></span> <span class='ocrx_word' id='word_1_300' title='bbox 1538 2186 1597 2249; x_wconf 89' lang='lat' dir='ltr'><strong>[tem</strong></span> <span class='ocrx_word' id='word_1_301' title='bbox 1614 2187 1751 2247; x_wconf 73' lang='lat' dir='ltr'><strong>transieris,</strong></span> 
     </span>
     <span class='ocr_line' id='line_1_53' title="bbox 971 2273 1683 2338; baseline 0 -13"><span class='ocrx_word' id='word_1_302' title='bbox 971 2277 995 2325; x_wconf 89' lang='lat' dir='ltr'><strong>Si</strong></span> <span class='ocrx_word' id='word_1_303' title='bbox 1009 2278 1092 2325; x_wconf 88' lang='lat' dir='ltr'><strong>autem</strong></span> <span class='ocrx_word' id='word_1_304' title='bbox 1105 2275 1158 2335; x_wconf 87' lang='lat' dir='ltr'><strong>vis,</strong></span> <span class='ocrx_word' id='word_1_305' title='bbox 1174 2287 1277 2338; x_wconf 83' lang='lat' dir='ltr'><strong>puemm</strong></span> <span class='ocrx_word' id='word_1_306' title='bbox 1291 2273 1473 2324; x_wconf 77' lang='lat' dir='ltr'><strong>cleombrotum</strong></span> <span class='ocrx_word' id='word_1_307' title='bbox 1486 2273 1683 2325; x_wconf 80' lang='lat' dir='ltr'><strong>Ambraciensem</strong></span> 
     </span>
     <span class='ocr_line' id='line_1_54' title="bbox 1002 2363 1524 2425; baseline -0.008 -10"><span class='ocrx_word' id='word_1_308' title='bbox 1002 2367 1097 2415; x_wconf 83' lang='lat' dir='ltr'><strong>imitare</strong></span> <span class='ocrx_word' id='word_1_309' title='bbox 1109 2367 1136 2415; x_wconf 85' lang='lat' dir='ltr'><strong>et</strong></span> <span class='ocrx_word' id='word_1_310' title='bbox 1146 2365 1221 2415; x_wconf 88' lang='lat' dir='ltr'><strong>tectis</strong></span> <span class='ocrx_word' id='word_1_311' title='bbox 1231 2367 1301 2414; x_wconf 89' lang='lat' dir='ltr'><strong>tuum</strong></span> <span class='ocrx_word' id='word_1_312' title='bbox 1311 2376 1403 2425; x_wconf 84' lang='lat' dir='ltr'><strong>corpus</strong></span> <span class='ocrx_word' id='word_1_313' title='bbox 1412 2363 1524 2424; x_wconf 80' lang='lat' dir='ltr'><strong>demitte,</strong></span> 
     </span>
     <span class='ocr_line' id='line_1_55' title="bbox 971 2449 1540 2515; baseline -0.011 -11"><span class='ocrx_word' id='word_1_314' title='bbox 971 2459 996 2504; x_wconf 83' lang='lat' dir='ltr'><strong>et</strong></span> <span class='ocrx_word' id='word_1_315' title='bbox 1011 2467 1096 2503; x_wconf 80' lang='lat' dir='ltr'><strong>nosces</strong></span> <span class='ocrx_word' id='word_1_316' title='bbox 1109 2452 1204 2515; x_wconf 88' lang='lat' dir='ltr'><strong>absque</strong></span> <span class='ocrx_word' id='word_1_317' title='bbox 1219 2464 1320 2514; x_wconf 87' lang='lat' dir='ltr'><strong>corpore</strong></span> <span class='ocrx_word' id='word_1_318' title='bbox 1334 2449 1399 2500; x_wconf 91' lang='lat' dir='ltr'><strong>illico</strong></span> <span class='ocrx_word' id='word_1_319' title='bbox 1411 2450 1540 2513; x_wconf 88' lang='lat' dir='ltr'><strong>teipsum,</strong></span> 
     </span>
     <span class='ocr_line' id='line_1_56' title="bbox 1002 2537 1567 2603; baseline -0.012 -11"><span class='ocrx_word' id='word_1_320' title='bbox 1002 2542 1082 2592; x_wconf 91' lang='lat' dir='ltr'><strong>solum</strong></span> <span class='ocrx_word' id='word_1_321' title='bbox 1094 2541 1161 2603; x_wconf 91' lang='lat' dir='ltr'><strong>quod</strong></span> <span class='ocrx_word' id='word_1_322' title='bbox 1174 2539 1265 2603; x_wconf 77' lang='lat' dir='ltr'><strong>qnaeris</strong></span> <span class='ocrx_word' id='word_1_323' title='bbox 1278 2539 1303 2588; x_wconf 89' lang='lat' dir='ltr'><strong>id</strong></span> <span class='ocrx_word' id='word_1_324' title='bbox 1318 2537 1544 2588; x_wconf 85' lang='lat' dir='ltr'><strong>relietum-babens.</strong></span> <span class='ocrx_word' id='word_1_325' title='bbox 1556 2561 1567 2582; x_wconf 76' lang='grc' dir='ltr'>ν</span> 
     </span>
    </p>
   </div>
   <div class='ocr_carea' id='block_1_14' title="bbox 1249 2680 1479 2728">
    <p class='ocr_par' dir='ltr' id='par_1_14' title="bbox 1249 2680 1479 2728">
     <span class='ocr_line' id='line_1_57' title="bbox 1249 2680 1479 2728; baseline 0 0"><span class='ocrx_word' id='word_1_326' title='bbox 1249 2685 1304 2728; x_wconf 80' lang='grc'><strong>355.</strong></span> <span class='ocrx_word' id='word_1_327' title='bbox 1322 2680 1479 2728; x_wconf 72' lang='lat' dir='ltr'><strong>PALLADAE.</strong></span> 
     </span>
    </p>
   </div>
   <div class='ocr_carea' id='block_1_15' title="bbox 969 2814 1737 2973">
    <p class='ocr_par' dir='ltr' id='par_1_15' title="bbox 969 2814 1737 2973">
     <span class='ocr_line' id='line_1_58' title="bbox 969 2814 1737 2881; baseline -0.007 -13"><span class='ocrx_word' id='word_1_328' title='bbox 969 2822 1065 2877; x_wconf 83' lang='lat' dir='ltr'><strong>cuncta</strong></span> <span class='ocrx_word' id='word_1_329' title='bbox 1075 2816 1174 2881; x_wconf 90' lang='lat' dir='ltr'><strong>quidem</strong></span> <span class='ocrx_word' id='word_1_330' title='bbox 1185 2815 1255 2875; x_wconf 85' lang='lat' dir='ltr'><strong>novi,</strong></span> <span class='ocrx_word' id='word_1_331' title='bbox 1266 2815 1302 2864; x_wconf 88' lang='lat' dir='ltr'><strong>ais</strong></span> <span class='ocrx_word' id='word_1_332' title='bbox 1315 2835 1321 2864; x_wconf 93' lang='lat'>:</span> <span class='ocrx_word' id='word_1_333' title='bbox 1332 2818 1359 2864; x_wconf 89' lang='grc' dir='ltr'><strong>ιιι</strong></span> <span class='ocrx_word' id='word_1_334' title='bbox 1369 2814 1526 2878; x_wconf 77' lang='lat' dir='ltr'><strong>imperfectus</strong></span> <span class='ocrx_word' id='word_1_335' title='bbox 1535 2814 1560 2863; x_wconf 91' lang='lat' dir='ltr'><strong>iu</strong></span> <span class='ocrx_word' id='word_1_336' title='bbox 1568 2814 1683 2864; x_wconf 84' lang='lat' dir='ltr'><strong>onmibua</strong></span> <span class='ocrx_word' id='word_1_337' title='bbox 1696 2827 1737 2873; x_wconf 87' lang='lat' dir='ltr'><strong>es,</strong></span> 
     </span>
     <span class='ocr_line' id='line_1_59' title="bbox 1001 2902 1493 2973; baseline -0.012 -16"><span class='ocrx_word' id='word_1_338' title='bbox 1001 2911 1101 2973; x_wconf 68' lang='lat' dir='ltr'><strong>gustans</strong></span> <span class='ocrx_word' id='word_1_339' title='bbox 1114 2904 1208 2966; x_wconf 87' lang='lat' dir='ltr'><strong>omnia,</strong></span> <span class='ocrx_word' id='word_1_340' title='bbox 1220 2904 1253 2952; x_wconf 94' lang='lat' dir='ltr'><strong>nil</strong></span> <span class='ocrx_word' id='word_1_341' title='bbox 1267 2902 1343 2953; x_wconf 84' lang='lat' dir='ltr'><strong>babes</strong></span> <span class='ocrx_word' id='word_1_342' title='bbox 1360 2902 1493 2967; x_wconf 83' lang='lat' dir='ltr'><strong>proprium.</strong></span> 
     </span>
    </p>
   </div>
   <div class='ocr_carea' id='block_1_16' title="bbox 1239 3039 1481 3085">
    <p class='ocr_par' dir='ltr' id='par_1_16' title="bbox 1239 3039 1481 3085">
     <span class='ocr_line' id='line_1_60' title="bbox 1239 3039 1481 3085; baseline 0 -1"><span class='ocrx_word' id='word_1_343' title='bbox 1239 3039 1285 3084; x_wconf 78' lang='lat'><strong>356</strong></span> <span class='ocrx_word' id='word_1_344' title='bbox 1318 3043 1481 3085; x_wconf 79' lang='grc' dir='ltr'><strong>ΔΝΟΝΥΜΙ.</strong></span> 
     </span>
    </p>
   </div>
   <div class='ocr_carea' id='block_1_17' title="bbox 967 3169 1721 3329">
    <p class='ocr_par' dir='ltr' id='par_1_17' title="bbox 967 3169 1721 3329">
     <span class='ocr_line' id='line_1_61' title="bbox 969 3169 1721 3234; baseline -0.008 -8"><span class='ocrx_word' id='word_1_345' title='bbox 969 3179 997 3226; x_wconf 89' lang='lat' dir='ltr'><strong>in</strong></span> <span class='ocrx_word' id='word_1_346' title='bbox 1008 3179 1034 3225; x_wconf 88' lang='lat' dir='ltr'><strong>te</strong></span> <span class='ocrx_word' id='word_1_347' title='bbox 1048 3174 1084 3223; x_wconf 84' lang='lat' dir='ltr'><strong>vel</strong></span> <span class='ocrx_word' id='word_1_348' title='bbox 1097 3170 1344 3234; x_wconf 81' lang='lat' dir='ltr'><strong>uunquam-mendax</strong></span> <span class='ocrx_word' id='word_1_349' title='bbox 1357 3169 1528 3220; x_wconf 84' lang='lat' dir='ltr'><strong>mentitus-est</strong></span> <span class='ocrx_word' id='word_1_350' title='bbox 1536 3169 1598 3219; x_wconf 84' lang='lat' dir='ltr'><strong>liber</strong></span> <span class='ocrx_word' id='word_1_351' title='bbox 1607 3171 1721 3230; x_wconf 81' lang='lat' dir='ltr'><strong>Homeri,</strong></span> 
     </span>
     <span class='ocr_line' id='line_1_62' title="bbox 967 3257 1626 3329; baseline -0.011 -16"><span class='ocrx_word' id='word_1_352' title='bbox 967 3263 1094 3329; x_wconf 80' lang='lat' dir='ltr'><strong>juniorum</strong></span> <span class='ocrx_word' id='word_1_353' title='bbox 1107 3260 1191 3310; x_wconf 87' lang='lat' dir='ltr'><strong>dicens</strong></span> <span class='ocrx_word' id='word_1_354' title='bbox 1199 3259 1331 3308; x_wconf 80' lang='lat' dir='ltr'><strong>volitantes</strong></span> <span class='ocrx_word' id='word_1_355' title='bbox 1342 3272 1394 3307; x_wconf 82' lang='lat' dir='ltr'><strong>essa</strong></span> <span class='ocrx_word' id='word_1_356' title='bbox 1404 3261 1499 3307; x_wconf 87' lang='lat' dir='ltr'><strong>mentes</strong></span> <span class='ocrx_word' id='word_1_357' title='bbox 1508 3257 1626 3307; x_wconf 82' lang='lat' dir='ltr'><strong>virorum.</strong></span> 
     </span>
    </p>
   </div>
   <div class='ocr_carea' id='block_1_18' title="bbox 1242 3398 1475 3447">
    <p class='ocr_par' dir='ltr' id='par_1_18' title="bbox 1242 3398 1475 3447">
     <span class='ocr_line' id='line_1_63' title="bbox 1242 3398 1475 3447; baseline -0.004 0"><span class='ocrx_word' id='word_1_358' title='bbox 1242 3401 1297 3447; x_wconf 83' lang='grc'><strong>357.</strong></span> <span class='ocrx_word' id='word_1_359' title='bbox 1315 3398 1475 3446; x_wconf 72' lang='lat' dir='ltr'><strong>PALLADE.</strong></span> 
     </span>
    </p>
   </div>
   <div class='ocr_carea' id='block_1_19' title="bbox 967 3538 1670 3700">
    <p class='ocr_par' dir='ltr' id='par_1_19' title="bbox 967 3538 1670 3700">
     <span class='ocr_line' id='line_1_64' title="bbox 967 3538 1655 3609; baseline -0.019 -10"><span class='ocrx_word' id='word_1_360' title='bbox 967 3547 1044 3599; x_wconf 84' lang='lat' dir='ltr'><strong>Filius</strong></span> <span class='ocrx_word' id='word_1_361' title='bbox 1057 3548 1082 3595; x_wconf 85' lang='lat' dir='ltr'><strong>ct</strong></span> <span class='ocrx_word' id='word_1_362' title='bbox 1094 3542 1189 3609; x_wconf 79' lang='lat' dir='ltr'><strong>genitor</strong></span> <span class='ocrx_word' id='word_1_363' title='bbox 1201 3541 1269 3592; x_wconf 86' lang='lat' dir='ltr'><strong>litem</strong></span> <span class='ocrx_word' id='word_1_364' title='bbox 1280 3539 1388 3588; x_wconf 84' lang='lat' dir='ltr'><strong>rixosam</strong></span> <span class='ocrx_word' id='word_1_365' title='bbox 1402 3538 1655 3597; x_wconf 79' lang='lat' dir='ltr'><strong>inter-semoverunt,</strong></span> 
     </span>
     <span class='ocr_line' id='line_1_65' title="bbox 998 3623 1670 3700; baseline -0.019 -15"><span class='ocrx_word' id='word_1_366' title='bbox 998 3635 1054 3700; x_wconf 92' lang='lat' dir='ltr'><strong>quis</strong></span> <span class='ocrx_word' id='word_1_367' title='bbox 1067 3634 1123 3697; x_wconf 81' lang='lat' dir='ltr'><strong>plns</strong></span> <span class='ocrx_word' id='word_1_368' title='bbox 1131 3631 1271 3691; x_wconf 83' lang='lat' dir='ltr'><strong>decoquens</strong></span> <span class='ocrx_word' id='word_1_369' title='bbox 1283 3627 1445 3678; x_wconf 86' lang='lat' dir='ltr'><strong>hereditatam</strong></span> <span class='ocrx_word' id='word_1_370' title='bbox 1460 3629 1537 3675; x_wconf 80' lang='lat' dir='ltr'><strong>totam</strong></span> <span class='ocrx_word' id='word_1_371' title='bbox 1550 3623 1670 3674; x_wconf 86' lang='lat' dir='ltr'><strong>comedet.</strong></span> 
     </span>
    </p>
   </div>
   <div class='ocr_carea' id='block_1_20' title="bbox 140 3715 1529 3824">
    <p class='ocr_par' dir='ltr' id='par_1_20' title="bbox 140 3715 1529 3824">
     <span class='ocr_line' id='line_1_66' title="bbox 140 3715 1529 3824; baseline -0.021 -19"><span class='ocrx_word' id='word_1_372' title='bbox 140 3747 194 3806; x_wconf 78' lang='grc' dir='ltr'><strong>Καί</strong></span> <span class='ocrx_word' id='word_1_373' title='bbox 207 3746 274 3820; x_wconf 77' lang='grc' dir='ltr'>μετὰ</span> <span class='ocrx_word' id='word_1_374' title='bbox 284 3745 331 3815; x_wconf 77' lang='grc' dir='ltr'><strong>τὴν</strong></span> <span class='ocrx_word' id='word_1_375' title='bbox 345 3750 442 3824; x_wconf 84' lang='grc' dir='ltr'>βρῶσιν</span> <span class='ocrx_word' id='word_1_376' title='bbox 454 3743 500 3813; x_wconf 69' lang='grc' dir='ltr'><strong>τὴν</strong></span> <span class='ocrx_word' id='word_1_377' title='bbox 510 3739 681 3822; x_wconf 69' lang='grc' dir='ltr'>χρηματικὴν</span> <span class='ocrx_word' id='word_1_378' title='bbox 697 3739 770 3810; x_wconf 87' lang='grc' dir='ltr'>μάλα</span> <span class='ocrx_word' id='word_1_379' title='bbox 784 3744 881 3801; x_wconf 80' lang='grc' dir='ltr'>πᾶσαν,</span> <span class='ocrx_word' id='word_1_380' title='bbox 969 3730 1000 3776; x_wconf 64' lang='grc' dir='ltr'><strong>Εἴ</strong></span> <span class='ocrx_word' id='word_1_381' title='bbox 1011 3727 1068 3789; x_wconf 67' lang='lat' dir='ltr'><strong>1³⁰⁵t</strong></span> <span class='ocrx_word' id='word_1_382' title='bbox 1080 3718 1230 3771; x_wconf 63' lang='lat' dir='ltr'><strong>V⁰T³ii⁰¹¹0¹¹¹</strong></span> <span class='ocrx_word' id='word_1_383' title='bbox 1245 3715 1337 3779; x_wconf 60' lang='lat' dir='ltr'><strong>algenti</strong></span> <span class='ocrx_word' id='word_1_384' title='bbox 1352 3715 1422 3778; x_wconf 64' lang='lat' dir='ltr'><strong>1³¹2*sse</strong></span> <span class='ocrx_word' id='word_1_385' title='bbox 1437 3716 1529 3772; x_wconf 55' lang='lat' dir='ltr'><strong>imam·</strong></span> 
     </span>
    </p>
   </div>
   <div class='ocr_carea' id='block_1_21' title="bbox 152 3819 1742 3873">
    <p class='ocr_par' dir='ltr' id='par_1_21' title="bbox 152 3819 1742 3873">
     <span class='ocr_line' id='line_1_67' title="bbox 152 3819 1742 3873; baseline -0.01 -27"><span class='ocrx_word' id='word_1_386' title='bbox 152 3819 1742 3873; x_wconf 38' lang='grc' dir='ltr'><strong>μμ</strong></span> 
     </span>
    </p>
   </div>
   <div class='ocr_carea' id='block_1_22' title="bbox 170 3913 691 3974">
    <p class='ocr_par' dir='ltr' id='par_1_22' title="bbox 170 3913 691 3974">
     <span class='ocr_line' id='line_1_68' title="bbox 170 3913 691 3974; baseline -0.013 -11"><span class='ocrx_word' id='word_1_387' title='bbox 170 3916 308 3964; x_wconf 82' lang='lat' dir='ltr'><strong>Horrendus</strong></span> <span class='ocrx_word' id='word_1_388' title='bbox 324 3916 439 3974; x_wconf 73' lang='lat' dir='ltr'><strong>ieiunius,</strong></span> <span class='ocrx_word' id='word_1_389' title='bbox 456 3913 599 3961; x_wconf 81' lang='lat' dir='ltr'><strong>Mercuriale</strong></span> <span class='ocrx_word' id='word_1_390' title='bbox 612 3926 691 3974; x_wconf 80' lang='lat' dir='ltr'><strong>pecus.</strong></span> 
     </span>
    </p>
   </div>
   <div class='ocr_carea' id='block_1_23' title="bbox 347 4030 713 4082">
    <p class='ocr_par' dir='ltr' id='par_1_23' title="bbox 347 4030 713 4082">
     <span class='ocr_line' id='line_1_69' title="bbox 347 4030 713 4082; baseline -0.014 -7"><span class='ocrx_word' id='word_1_391' title='bbox 347 4030 402 4082; x_wconf 70' lang='lat'><strong>354.</strong></span> <span class='ocrx_word' id='word_1_392' title='bbox 424 4044 537 4074; x_wconf 80' lang='grc' dir='ltr'>ιοιτιιιει</span> <span class='ocrx_word' id='word_1_393' title='bbox 553 4040 713 4074; x_wconf 76' lang='grc' dir='ltr'>εοσοιισειοι.</span> 
     </span>
    </p>
   </div>
   <div class='ocr_carea' id='block_1_24' title="bbox 134 4143 828 5371">
    <p class='ocr_par' dir='ltr' id='par_1_24' title="bbox 134 4143 828 5371">
     <span class='ocr_line' id='line_1_70' title="bbox 136 4143 746 4213; baseline -0.01 -20"><span class='ocrx_word' id='word_1_394' title='bbox 136 4146 180 4193; x_wconf 86' lang='lat' dir='ltr'><strong>ille</strong></span> <span class='ocrx_word' id='word_1_395' title='bbox 192 4146 364 4209; x_wconf 85' lang='lat' dir='ltr'><strong>minutiloquus</strong></span> <span class='ocrx_word' id='word_1_396' title='bbox 379 4143 472 4209; x_wconf 80' lang='lat' dir='ltr'><strong>Sophiae</strong></span> <span class='ocrx_word' id='word_1_397' title='bbox 487 4143 636 4213; x_wconf 71' lang='lat' dir='ltr'><strong>Nicostratam</strong></span> <span class='ocrx_word' id='word_1_398' title='bbox 649 4148 746 4199; x_wconf 87' lang='lat' dir='ltr'><strong>auctor,</strong></span> 
     </span>
     <span class='ocr_line' id='line_1_71' title="bbox 168 4228 753 4292; baseline -0.012 -14"><span class='ocrx_word' id='word_1_399' title='bbox 168 4233 277 4292; x_wconf 85' lang='lat' dir='ltr'><strong>Quantus</strong></span> <span class='ocrx_word' id='word_1_400' title='bbox 292 4230 431 4278; x_wconf 78' lang='lat' dir='ltr'><strong>Aristoteles</strong></span> <span class='ocrx_word' id='word_1_401' title='bbox 445 4229 480 4276; x_wconf 82' lang='lat' dir='ltr'><strong>vei</strong></span> <span class='ocrx_word' id='word_1_402' title='bbox 493 4228 562 4276; x_wconf 82' lang='lat' dir='ltr'><strong>Plato</strong></span> <span class='ocrx_word' id='word_1_403' title='bbox 574 4241 673 4289; x_wconf 77' lang='lat' dir='ltr'><strong>magnus</strong></span> <span class='ocrx_word' id='word_1_404' title='bbox 684 4233 753 4281; x_wconf 84' lang='lat' dir='ltr'><strong>erat,</strong></span> 
     </span>
     <span class='ocr_line' id='line_1_72' title="bbox 136 4313 702 4375; baseline -0.004 -16"><span class='ocrx_word' id='word_1_405' title='bbox 136 4317 194 4375; x_wconf 77' lang='lat' dir='ltr'><strong>Quae</strong></span> <span class='ocrx_word' id='word_1_406' title='bbox 207 4313 268 4362; x_wconf 86' lang='lat' dir='ltr'><strong>iuret</strong></span> <span class='ocrx_word' id='word_1_407' title='bbox 281 4314 305 4361; x_wconf 94' lang='lat' dir='ltr'><strong>in</strong></span> <span class='ocrx_word' id='word_1_408' title='bbox 318 4314 386 4361; x_wconf 86' lang='lat' dir='ltr'><strong>nobis</strong></span> <span class='ocrx_word' id='word_1_409' title='bbox 399 4314 483 4360; x_wconf 73' lang='lat' dir='ltr'><strong>animas</strong></span> <span class='ocrx_word' id='word_1_410' title='bbox 494 4320 580 4360; x_wconf 86' lang='lat' dir='ltr'><strong>natura</strong></span> <span class='ocrx_word' id='word_1_411' title='bbox 594 4319 702 4373; x_wconf 78' lang='lat' dir='ltr'><strong>rogatus,</strong></span> 
     </span>
     <span class='ocr_line' id='line_1_73' title="bbox 168 4391 715 4461; baseline -0.007 -18"><span class='ocrx_word' id='word_1_412' title='bbox 168 4402 206 4443; x_wconf 70' lang='lat' dir='ltr'><strong>An</strong></span> <span class='ocrx_word' id='word_1_413' title='bbox 222 4396 304 4445; x_wconf 86' lang='lat' dir='ltr'><strong>mortis</strong></span> <span class='ocrx_word' id='word_1_414' title='bbox 319 4397 422 4461; x_wconf 83' lang='lat' dir='ltr'><strong>patiens,</strong></span> <span class='ocrx_word' id='word_1_415' title='bbox 437 4412 466 4444; x_wconf 81' lang='lat' dir='ltr'><strong>an</strong></span> <span class='ocrx_word' id='word_1_416' title='bbox 481 4395 532 4443; x_wconf 82' lang='lat' dir='ltr'><strong>sine</strong></span> <span class='ocrx_word' id='word_1_417' title='bbox 545 4402 623 4442; x_wconf 88' lang='lat' dir='ltr'><strong>morte</strong></span> <span class='ocrx_word' id='word_1_418' title='bbox 638 4391 715 4451; x_wconf 83' lang='lat' dir='ltr'><strong>loret;</strong></span> 
     </span>
     <span class='ocr_line' id='line_1_74' title="bbox 135 4477 788 4545; baseline -0.009 -17"><span class='ocrx_word' id='word_1_419' title='bbox 135 4483 254 4543; x_wconf 72' lang='lat' dir='ltr'><strong>corporea</strong></span> <span class='ocrx_word' id='word_1_420' title='bbox 268 4497 299 4528; x_wconf 84' lang='lat' dir='ltr'><strong>au</strong></span> <span class='ocrx_word' id='word_1_421' title='bbox 311 4481 382 4545; x_wconf 80' lang='lat' dir='ltr'><strong>plane</strong></span> <span class='ocrx_word' id='word_1_422' title='bbox 396 4480 446 4528; x_wconf 83' lang='lat' dir='ltr'><strong>sine</strong></span> <span class='ocrx_word' id='word_1_423' title='bbox 461 4495 578 4544; x_wconf 85' lang='lat' dir='ltr'><strong>corpore,</strong></span> <span class='ocrx_word' id='word_1_424' title='bbox 589 4477 681 4526; x_wconf 84' lang='lat' dir='ltr'><strong>sensilis</strong></span> <span class='ocrx_word' id='word_1_425' title='bbox 694 4491 724 4524; x_wconf 85' lang='lat' dir='ltr'><strong>an</strong></span> <span class='ocrx_word' id='word_1_426' title='bbox 736 4491 788 4540; x_wconf 79' lang='lat' dir='ltr'><strong>quaa</strong></span> 
     </span>
     <span class='ocr_line' id='line_1_75' title="bbox 168 4560 718 4629; baseline -0.005 -17"><span class='ocrx_word' id='word_1_427' title='bbox 168 4568 251 4613; x_wconf 79' lang='lat' dir='ltr'><strong>litante</strong></span> <span class='ocrx_word' id='word_1_428' title='bbox 264 4565 315 4629; x_wconf 79' lang='lat' dir='ltr'><strong>capi</strong></span> <span class='ocrx_word' id='word_1_429' title='bbox 329 4567 379 4611; x_wconf 86' lang='lat' dir='ltr'><strong>sola</strong></span> <span class='ocrx_word' id='word_1_430' title='bbox 394 4565 480 4629; x_wconf 71' lang='grc' dir='ltr'>ροιοίι,</span> <span class='ocrx_word' id='word_1_431' title='bbox 495 4580 525 4612; x_wconf 81' lang='lat' dir='ltr'><strong>an</strong></span> <span class='ocrx_word' id='word_1_432' title='bbox 543 4563 602 4611; x_wconf 91' lang='lat' dir='ltr'><strong>illud</strong></span> <span class='ocrx_word' id='word_1_433' title='bbox 615 4569 639 4610; x_wconf 87' lang='lat' dir='ltr'><strong>et</strong></span> <span class='ocrx_word' id='word_1_434' title='bbox 651 4560 698 4610; x_wconf 86' lang='lat' dir='ltr'><strong>boc</strong></span> <span class='ocrx_word' id='word_1_435' title='bbox 712 4576 718 4610; x_wconf 92' lang='lat'>:</span> 
     </span>
     <span class='ocr_line' id='line_1_76' title="bbox 135 4646 631 4710; baseline -0.002 -16"><span class='ocrx_word' id='word_1_436' title='bbox 135 4647 226 4710; x_wconf 82' lang='lat' dir='ltr'><strong>luccpit</strong></span> <span class='ocrx_word' id='word_1_437' title='bbox 239 4646 332 4694; x_wconf 86' lang='lat' dir='ltr'><strong>chartas</strong></span> <span class='ocrx_word' id='word_1_438' title='bbox 344 4648 454 4694; x_wconf 76' lang='lat' dir='ltr'><strong>euoluere</strong></span> <span class='ocrx_word' id='word_1_439' title='bbox 466 4648 494 4695; x_wconf 86' lang='lat' dir='ltr'><strong>de</strong></span> <span class='ocrx_word' id='word_1_440' title='bbox 506 4646 631 4706; x_wconf 83' lang='lat' dir='ltr'><strong>meteoris,</strong></span> 
     </span>
     <span class='ocr_line' id='line_1_77' title="bbox 168 4727 750 4793; baseline -0.003 -17"><span class='ocrx_word' id='word_1_441' title='bbox 168 4734 250 4793; x_wconf 84' lang='lat' dir='ltr'><strong>Doque</strong></span> <span class='ocrx_word' id='word_1_442' title='bbox 265 4730 342 4777; x_wconf 85' lang='lat' dir='ltr'><strong>anima</strong></span> <span class='ocrx_word' id='word_1_443' title='bbox 356 4729 450 4792; x_wconf 80' lang='lat' dir='ltr'><strong>scripsit</strong></span> <span class='ocrx_word' id='word_1_444' title='bbox 465 4728 579 4792; x_wconf 87' lang='lat' dir='ltr'><strong>quidquid</strong></span> <span class='ocrx_word' id='word_1_445' title='bbox 596 4727 750 4787; x_wconf 75' lang='lat' dir='ltr'><strong>Aristoteles,</strong></span> 
     </span>
     <span class='ocr_line' id='line_1_78' title="bbox 136 4809 724 4876; baseline -0.002 -17"><span class='ocrx_word' id='word_1_446' title='bbox 136 4812 303 4876; x_wconf 65' lang='lat' dir='ltr'><strong>l&#39;luolonisque</strong></span> <span class='ocrx_word' id='word_1_447' title='bbox 316 4812 379 4859; x_wconf 84' lang='lat' dir='ltr'><strong>libro</strong></span> <span class='ocrx_word' id='word_1_448' title='bbox 394 4811 504 4858; x_wconf 81' lang='lat' dir='ltr'><strong>sublimia</strong></span> <span class='ocrx_word' id='word_1_449' title='bbox 521 4811 592 4859; x_wconf 77' lang='grc' dir='ltr'>ινιίια</span> <span class='ocrx_word' id='word_1_450' title='bbox 605 4809 724 4872; x_wconf 82' lang='lat' dir='ltr'><strong>Platonis,</strong></span> 
     </span>
     <span class='ocr_line' id='line_1_79' title="bbox 168 4892 667 4957; baseline -0.002 -16"><span class='ocrx_word' id='word_1_451' title='bbox 168 4895 206 4941; x_wconf 91' lang='lat' dir='ltr'><strong>Sic</strong></span> <span class='ocrx_word' id='word_1_452' title='bbox 219 4909 314 4941; x_wconf 88' lang='lat' dir='ltr'><strong>omnem</strong></span> <span class='ocrx_word' id='word_1_453' title='bbox 328 4894 375 4940; x_wconf 83' lang='lat' dir='ltr'><strong>reri</strong></span> <span class='ocrx_word' id='word_1_454' title='bbox 392 4893 477 4957; x_wconf 71' lang='lat' dir='ltr'><strong>quasit</strong></span> <span class='ocrx_word' id='word_1_455' title='bbox 493 4892 581 4956; x_wconf 83' lang='lat' dir='ltr'><strong>ubique</strong></span> <span class='ocrx_word' id='word_1_456' title='bbox 595 4892 667 4940; x_wconf 83' lang='lat' dir='ltr'><strong>viam.</strong></span> 
     </span>
     <span class='ocr_line' id='line_1_80' title="bbox 134 4975 793 5039; baseline -0.008 -16"><span class='ocrx_word' id='word_1_457' title='bbox 134 4979 201 5023; x_wconf 84' lang='lat' dir='ltr'><strong>Tunc</strong></span> <span class='ocrx_word' id='word_1_458' title='bbox 214 4976 258 5023; x_wconf 88' lang='lat' dir='ltr'><strong>sibi</strong></span> <span class='ocrx_word' id='word_1_459' title='bbox 273 4976 409 5024; x_wconf 80' lang='lat' dir='ltr'><strong>demulcens</strong></span> <span class='ocrx_word' id='word_1_460' title='bbox 424 4975 536 5031; x_wconf 82' lang='lat' dir='ltr'><strong>barbam,</strong></span> <span class='ocrx_word' id='word_1_461' title='bbox 553 4975 690 5039; x_wconf 73' lang='lat' dir='ltr'><strong>circumque</strong></span> <span class='ocrx_word' id='word_1_462' title='bbox 706 4981 793 5034; x_wconf 69' lang='lat' dir='ltr'><strong>ruge-io</strong></span> 
     </span>
     <span class='ocr_line' id='line_1_81' title="bbox 168 5056 667 5117; baseline 0.002 -12"><span class='ocrx_word' id='word_1_463' title='bbox 168 5058 281 5117; x_wconf 81' lang='lat' dir='ltr'><strong>Palliolo‚</strong></span> <span class='ocrx_word' id='word_1_464' title='bbox 294 5058 383 5105; x_wconf 90' lang='lat' dir='ltr'><strong>nodum</strong></span> <span class='ocrx_word' id='word_1_465' title='bbox 395 5057 465 5105; x_wconf 80' lang='lat' dir='ltr'><strong>solvit</strong></span> <span class='ocrx_word' id='word_1_466' title='bbox 479 5067 503 5104; x_wconf 86' lang='lat' dir='ltr'><strong>ci</strong></span> <span class='ocrx_word' id='word_1_467' title='bbox 517 5058 561 5105; x_wconf 86' lang='lat' dir='ltr'><strong>ista</strong></span> <span class='ocrx_word' id='word_1_468' title='bbox 575 5056 667 5107; x_wconf 80' lang='lat' dir='ltr'><strong>refert:</strong></span> 
     </span>
     <span class='ocr_line' id='line_1_82' title="bbox 134 5137 803 5203; baseline -0.001 -16"><span class='ocrx_word' id='word_1_469' title='bbox 134 5140 156 5187; x_wconf 88' lang='lat' dir='ltr'><strong>Si</strong></span> <span class='ocrx_word' id='word_1_470' title='bbox 172 5150 255 5187; x_wconf 82' lang='lat' dir='ltr'><strong>natura</strong></span> <span class='ocrx_word' id='word_1_471' title='bbox 267 5140 346 5203; x_wconf 86' lang='lat' dir='ltr'><strong>aliqua</strong></span> <span class='ocrx_word' id='word_1_472' title='bbox 361 5150 395 5188; x_wconf 79' lang='lat' dir='ltr'><strong>cst</strong></span> <span class='ocrx_word' id='word_1_473' title='bbox 408 5141 492 5188; x_wconf 71' lang='lat' dir='ltr'><strong>atrimae</strong></span> <span class='ocrx_word' id='word_1_474' title='bbox 508 5140 576 5202; x_wconf 85' lang='lat' dir='ltr'><strong>(nam</strong></span> <span class='ocrx_word' id='word_1_475' title='bbox 591 5155 629 5187; x_wconf 83' lang='lat' dir='ltr'><strong>me</strong></span> <span class='ocrx_word' id='word_1_476' title='bbox 643 5139 702 5188; x_wconf 82' lang='lat' dir='ltr'><strong>latet</strong></span> <span class='ocrx_word' id='word_1_477' title='bbox 713 5154 744 5188; x_wconf 79' lang='lat' dir='ltr'><strong>an</strong></span> <span class='ocrx_word' id='word_1_478' title='bbox 758 5137 803 5200; x_wconf 85' lang='lat' dir='ltr'><strong>sit)</strong></span> 
     </span>
     <span class='ocr_line' id='line_1_83' title="bbox 169 5221 758 5287; baseline 0 -18"><span class='ocrx_word' id='word_1_479' title='bbox 169 5223 242 5269; x_wconf 86' lang='lat' dir='ltr'><strong>Morti</strong></span> <span class='ocrx_word' id='word_1_480' title='bbox 256 5223 377 5287; x_wconf 85' lang='lat' dir='ltr'><strong>supposita</strong></span> <span class='ocrx_word' id='word_1_481' title='bbox 391 5232 440 5279; x_wconf 87' lang='lat' dir='ltr'><strong>est,</strong></span> <span class='ocrx_word' id='word_1_482' title='bbox 456 5232 496 5270; x_wconf 79' lang='lat' dir='ltr'><strong>aaut</strong></span> <span class='ocrx_word' id='word_1_483' title='bbox 510 5221 561 5270; x_wconf 84' lang='lat' dir='ltr'><strong>sine</strong></span> <span class='ocrx_word' id='word_1_484' title='bbox 573 5230 650 5270; x_wconf 87' lang='lat' dir='ltr'><strong>morte</strong></span> <span class='ocrx_word' id='word_1_485' title='bbox 664 5231 758 5277; x_wconf 80' lang='lat' dir='ltr'><strong>manet,</strong></span> 
     </span>
     <span class='ocr_line' id='line_1_84' title="bbox 139 5305 828 5371; baseline -0.004 -15"><span class='ocrx_word' id='word_1_486' title='bbox 139 5307 286 5371; x_wconf 81' lang='lat' dir='ltr'><strong>Materiaque</strong></span> <span class='ocrx_word' id='word_1_487' title='bbox 302 5315 380 5367; x_wconf 86' lang='lat' dir='ltr'><strong>earet,</strong></span> <span class='ocrx_word' id='word_1_488' title='bbox 395 5306 433 5352; x_wconf 79' lang='lat' dir='ltr'><strong>vel</strong></span> <span class='ocrx_word' id='word_1_489' title='bbox 448 5305 529 5356; x_wconf 77' lang='lat' dir='ltr'><strong>itabat.</strong></span> <span class='ocrx_word' id='word_1_490' title='bbox 546 5305 592 5354; x_wconf 79' lang='lat' dir='ltr'><strong>Sed</strong></span> <span class='ocrx_word' id='word_1_491' title='bbox 605 5321 658 5354; x_wconf 84' lang='lat' dir='ltr'><strong>enm</strong></span> <span class='ocrx_word' id='word_1_492' title='bbox 672 5307 742 5370; x_wconf 79' lang='lat' dir='ltr'><strong>Styga</strong></span> <span class='ocrx_word' id='word_1_493' title='bbox 755 5306 828 5366; x_wconf 80' lang='lat' dir='ltr'><strong>vises,</strong></span> 
     </span>
    </p>
   </div>
   <div class='ocr_carea' id='block_1_25' title="bbox 965 3873 1609 4023">
    <p class='ocr_par' dir='ltr' id='par_1_25' title="bbox 965 3873 1609 4023">
     <span class='ocr_line' id='line_1_85' title="bbox 998 3873 1589 3946; baseline -0.02 -12"><span class='ocrx_word' id='word_1_494' title='bbox 998 3891 1090 3934; x_wconf 80' lang='lat' dir='ltr'><strong>Verum</strong></span> <span class='ocrx_word' id='word_1_495' title='bbox 1104 3881 1160 3946; x_wconf 87' lang='lat' dir='ltr'><strong>quid</strong></span> <span class='ocrx_word' id='word_1_496' title='bbox 1173 3879 1219 3936; x_wconf 85' lang='lat' dir='ltr'><strong>sit,</strong></span> <span class='ocrx_word' id='word_1_497' title='bbox 1236 3877 1282 3925; x_wconf 79' lang='lat' dir='ltr'><strong>cris</strong></span> <span class='ocrx_word' id='word_1_498' title='bbox 1295 3891 1395 3939; x_wconf 77' lang='lat' dir='ltr'><strong>gnaros.</strong></span> <span class='ocrx_word' id='word_1_499' title='bbox 1411 3884 1437 3922; x_wconf 87' lang='lat' dir='ltr'><strong>ut</strong></span> <span class='ocrx_word' id='word_1_500' title='bbox 1451 3873 1501 3938; x_wconf 81' lang='lat' dir='ltr'><strong>ipse</strong></span> <span class='ocrx_word' id='word_1_501' title='bbox 1514 3875 1589 3922; x_wconf 88' lang='lat' dir='ltr'><strong>Plato.</strong></span> 
     </span>
     <span class='ocr_line' id='line_1_86' title="bbox 965 3954 1609 4023; baseline -0.026 -5"><span class='ocrx_word' id='word_1_502' title='bbox 965 3976 1014 4019; x_wconf 78' lang='lat' dir='ltr'><strong>Aut</strong></span> <span class='ocrx_word' id='word_1_503' title='bbox 1029 3967 1049 4016; x_wconf 86' lang='lat' dir='ltr'><strong>si</strong></span> <span class='ocrx_word' id='word_1_504' title='bbox 1064 3966 1112 4023; x_wconf 79' lang='lat' dir='ltr'><strong>sis,</strong></span> <span class='ocrx_word' id='word_1_505' title='bbox 1129 3963 1223 4011; x_wconf 79' lang='lat' dir='ltr'><strong>inuitare</strong></span> <span class='ocrx_word' id='word_1_506' title='bbox 1238 3958 1409 4008; x_wconf 74' lang='lat' dir='ltr'><strong>Cleombroton</strong></span> <span class='ocrx_word' id='word_1_507' title='bbox 1424 3954 1609 4014; x_wconf 81' lang='lat' dir='ltr'><strong>Ambracioten,</strong></span> 
     </span>
    </p>
   </div>
   <div class='ocr_carea' id='block_1_26' title="bbox 965 4038 1591 4280">
    <p class='ocr_par' dir='ltr' id='par_1_26' title="bbox 965 4038 1591 4280">
     <span class='ocr_line' id='line_1_87' title="bbox 999 4038 1511 4107; baseline -0.027 -7"><span class='ocrx_word' id='word_1_508' title='bbox 999 4056 1028 4101; x_wconf 79' lang='lat' dir='ltr'><strong>nt</strong></span> <span class='ocrx_word' id='word_1_509' title='bbox 1040 4041 1080 4098; x_wconf 78' lang='lat' dir='ltr'><strong>tun</strong></span> <span class='ocrx_word' id='word_1_510' title='bbox 1092 4048 1122 4095; x_wconf 79' lang='lat' dir='ltr'><strong>ile</strong></span> <span class='ocrx_word' id='word_1_511' title='bbox 1136 4046 1197 4094; x_wconf 84' lang='lat' dir='ltr'><strong>celsa</strong></span> <span class='ocrx_word' id='word_1_512' title='bbox 1209 4044 1284 4107; x_wconf 80' lang='lat' dir='ltr'><strong>dejice</strong></span> <span class='ocrx_word' id='word_1_513' title='bbox 1297 4038 1404 4088; x_wconf 83' lang='lat' dir='ltr'><strong>membra</strong></span> <span class='ocrx_word' id='word_1_514' title='bbox 1418 4038 1489 4085; x_wconf 91' lang='lat' dir='ltr'><strong>domo</strong></span> <span class='ocrx_word' id='word_1_515' title='bbox 1504 4052 1511 4086; x_wconf 75' lang='grc' dir='ltr'><em>τ</em></span> 
     </span>
     <span class='ocr_line' id='line_1_88' title="bbox 965 4125 1591 4195; baseline -0.027 -9"><span class='ocrx_word' id='word_1_516' title='bbox 965 4135 1075 4195; x_wconf 77' lang='lat' dir='ltr'><strong>Invenies</strong></span> <span class='ocrx_word' id='word_1_517' title='bbox 1090 4142 1146 4180; x_wconf 87' lang='lat' dir='ltr'><strong>tunc</strong></span> <span class='ocrx_word' id='word_1_518' title='bbox 1157 4138 1182 4178; x_wconf 88' lang='lat' dir='ltr'><strong>te</strong></span> <span class='ocrx_word' id='word_1_519' title='bbox 1193 4127 1273 4176; x_wconf 87' lang='lat' dir='ltr'><strong>subito</strong></span> <span class='ocrx_word' id='word_1_520' title='bbox 1286 4125 1338 4173; x_wconf 82' lang='lat' dir='ltr'><strong>sine</strong></span> <span class='ocrx_word' id='word_1_521' title='bbox 1349 4137 1466 4187; x_wconf 84' lang='lat' dir='ltr'><strong>corpore,</strong></span> <span class='ocrx_word' id='word_1_522' title='bbox 1478 4130 1503 4171; x_wconf 84' lang='lat' dir='ltr'><strong>et</strong></span> <span class='ocrx_word' id='word_1_523' title='bbox 1517 4137 1591 4169; x_wconf 90' lang='lat' dir='ltr'><strong>unum</strong></span> 
     </span>
     <span class='ocr_line' id='line_1_89' title="bbox 998 4204 1564 4280; baseline -0.023 -13"><span class='ocrx_word' id='word_1_524' title='bbox 998 4218 1077 4274; x_wconf 86' lang='lat' dir='ltr'><strong>illud,</strong></span> <span class='ocrx_word' id='word_1_525' title='bbox 1094 4214 1156 4280; x_wconf 88' lang='lat' dir='ltr'><strong>quod</strong></span> <span class='ocrx_word' id='word_1_526' title='bbox 1168 4211 1254 4277; x_wconf 84' lang='lat' dir='ltr'><strong>cupide</strong></span> <span class='ocrx_word' id='word_1_527' title='bbox 1268 4224 1332 4258; x_wconf 81' lang='lat' dir='ltr'><strong>ranno</strong></span> <span class='ocrx_word' id='word_1_528' title='bbox 1346 4208 1378 4255; x_wconf 87' lang='lat' dir='ltr'><strong>ita</strong></span> <span class='ocrx_word' id='word_1_529' title='bbox 1393 4206 1494 4269; x_wconf 71' lang='lat' dir='ltr'><strong>queris,</strong></span> <span class='ocrx_word' id='word_1_530' title='bbox 1509 4204 1564 4254; x_wconf 83' lang='lat' dir='ltr'><strong>eris.</strong></span> 
     </span>
    </p>
   </div>
   <div class='ocr_carea' id='block_1_27' title="bbox 1188 4347 1456 4394">
    <p class='ocr_par' dir='ltr' id='par_1_27' title="bbox 1188 4347 1456 4394">
     <span class='ocr_line' id='line_1_90' title="bbox 1188 4347 1456 4394; baseline 0 -3"><span class='ocrx_word' id='word_1_531' title='bbox 1188 4379 1193 4391; x_wconf 80' lang='grc'><em>,</em></span> <span class='ocrx_word' id='word_1_532' title='bbox 1255 4347 1311 4394; x_wconf 78' lang='grc'><strong>355.</strong></span> <span class='ocrx_word' id='word_1_533' title='bbox 1331 4358 1456 4393; x_wconf 71' lang='lat' dir='ltr'><strong>nunnioni.</strong></span> 
     </span>
    </p>
   </div>
   <div class='ocr_carea' id='block_1_28' title="bbox 964 4459 1646 4617">
    <p class='ocr_par' dir='ltr' id='par_1_28' title="bbox 964 4459 1646 4617">
     <span class='ocr_line' id='line_1_91' title="bbox 964 4459 1646 4533; baseline -0.022 -12"><span class='ocrx_word' id='word_1_534' title='bbox 964 4473 1051 4521; x_wconf 79' lang='lat' dir='ltr'><strong>Ouinia</strong></span> <span class='ocrx_word' id='word_1_535' title='bbox 1063 4470 1123 4518; x_wconf 83' lang='lat' dir='ltr'><strong>scire</strong></span> <span class='ocrx_word' id='word_1_536' title='bbox 1135 4467 1229 4533; x_wconf 79' lang='lat' dir='ltr'><strong>qaudam</strong></span> <span class='ocrx_word' id='word_1_537' title='bbox 1241 4466 1330 4529; x_wconf 83' lang='lat' dir='ltr'><strong>jactas,</strong></span> <span class='ocrx_word' id='word_1_538' title='bbox 1342 4461 1383 4510; x_wconf 81' lang='lat' dir='ltr'><strong>sed</strong></span> <span class='ocrx_word' id='word_1_539' title='bbox 1395 4460 1419 4508; x_wconf 86' lang='lat' dir='ltr'><strong>in</strong></span> <span class='ocrx_word' id='word_1_540' title='bbox 1434 4460 1545 4509; x_wconf 86' lang='lat' dir='ltr'><strong>omnibus</strong></span> <span class='ocrx_word' id='word_1_541' title='bbox 1557 4459 1646 4518; x_wconf 70' lang='grc' dir='ltr'>Ιιιτεες</span> 
     </span>
     <span class='ocr_line' id='line_1_92' title="bbox 996 4544 1580 4617; baseline -0.017 -11"><span class='ocrx_word' id='word_1_542' title='bbox 996 4563 1026 4608; x_wconf 81' lang='lat' dir='ltr'><strong>Et</strong></span> <span class='ocrx_word' id='word_1_543' title='bbox 1040 4555 1098 4615; x_wconf 87' lang='lat' dir='ltr'><strong>tibi,</strong></span> <span class='ocrx_word' id='word_1_544' title='bbox 1112 4550 1215 4617; x_wconf 77' lang='lat' dir='ltr'><strong>gustanti</strong></span> <span class='ocrx_word' id='word_1_545' title='bbox 1228 4548 1335 4613; x_wconf 77' lang='lat' dir='ltr'><strong>singula,</strong></span> <span class='ocrx_word' id='word_1_546' title='bbox 1350 4546 1385 4596; x_wconf 89' lang='lat' dir='ltr'><strong>nil</strong></span> <span class='ocrx_word' id='word_1_547' title='bbox 1397 4544 1520 4610; x_wconf 83' lang='lat' dir='ltr'><strong>proprium</strong></span> <span class='ocrx_word' id='word_1_548' title='bbox 1535 4553 1580 4596; x_wconf 79' lang='lat' dir='ltr'><strong>est.</strong></span> 
     </span>
    </p>
   </div>
   <div class='ocr_carea' id='block_1_29' title="bbox 1253 4672 1441 4722">
    <p class='ocr_par' dir='ltr' id='par_1_29' title="bbox 1253 4672 1441 4722">
     <span class='ocr_line' id='line_1_93' title="bbox 1253 4672 1441 4722; baseline 0.027 -5"><span class='ocrx_word' id='word_1_549' title='bbox 1253 4672 1310 4719; x_wconf 83' lang='lat'><strong>356.</strong></span> <span class='ocrx_word' id='word_1_550' title='bbox 1331 4687 1441 4722; x_wconf 75' lang='lat' dir='ltr'><strong>rucanas.</strong></span> 
     </span>
    </p>
   </div>
   <div class='ocr_carea' id='block_1_30' title="bbox 962 4804 1563 4958">
    <p class='ocr_par' dir='ltr' id='par_1_30' title="bbox 962 4804 1563 4958">
     <span class='ocr_line' id='line_1_94' title="bbox 962 4804 1563 4873; baseline -0.013 -12"><span class='ocrx_word' id='word_1_551' title='bbox 962 4815 1051 4861; x_wconf 78' lang='lat' dir='ltr'><strong>Cretera</strong></span> <span class='ocrx_word' id='word_1_552' title='bbox 1066 4809 1107 4873; x_wconf 90' lang='lat' dir='ltr'><strong>qni</strong></span> <span class='ocrx_word' id='word_1_553' title='bbox 1119 4823 1208 4868; x_wconf 80' lang='lat' dir='ltr'><strong>uorax,</strong></span> <span class='ocrx_word' id='word_1_554' title='bbox 1222 4806 1246 4854; x_wconf 90' lang='lat' dir='ltr'><strong>iu</strong></span> <span class='ocrx_word' id='word_1_555' title='bbox 1262 4815 1284 4854; x_wconf 87' lang='lat' dir='ltr'><strong>te</strong></span> <span class='ocrx_word' id='word_1_556' title='bbox 1300 4804 1416 4854; x_wconf 84' lang='lat' dir='ltr'><strong>mentitur</strong></span> <span class='ocrx_word' id='word_1_557' title='bbox 1430 4809 1563 4866; x_wconf 82' lang='lat' dir='ltr'><strong>Homerus,</strong></span> 
     </span>
     <span class='ocr_line' id='line_1_95' title="bbox 962 4889 1560 4958; baseline -0.005 -16"><span class='ocrx_word' id='word_1_558' title='bbox 962 4893 1072 4942; x_wconf 81' lang='lat' dir='ltr'><strong>Consiliis</strong></span> <span class='ocrx_word' id='word_1_559' title='bbox 1083 4907 1196 4958; x_wconf 78' lang='lat' dir='ltr'><strong>Juvenum</strong></span> <span class='ocrx_word' id='word_1_560' title='bbox 1209 4889 1249 4956; x_wconf 90' lang='lat' dir='ltr'><strong>qui</strong></span> <span class='ocrx_word' id='word_1_561' title='bbox 1265 4889 1356 4954; x_wconf 84' lang='lat' dir='ltr'><strong>pondus</strong></span> <span class='ocrx_word' id='word_1_562' title='bbox 1370 4889 1445 4938; x_wconf 87' lang='lat' dir='ltr'><strong>inesse</strong></span> <span class='ocrx_word' id='word_1_563' title='bbox 1458 4889 1560 4954; x_wconf 77' lang='lat' dir='ltr'><strong>negauit.</strong></span> 
     </span>
    </p>
   </div>
   <div class='ocr_carea' id='block_1_31' title="bbox 1271 5016 1467 5075">
    <p class='ocr_par' dir='ltr' id='par_1_31' title="bbox 1271 5016 1467 5075">
     <span class='ocr_line' id='line_1_96' title="bbox 1271 5016 1467 5075; baseline -0.005 -11"><span class='ocrx_word' id='word_1_564' title='bbox 1271 5016 1328 5075; x_wconf 81' lang='lat'><strong>³57.</strong></span> <span class='ocrx_word' id='word_1_565' title='bbox 1347 5030 1467 5064; x_wconf 67' lang='lat' dir='ltr'><strong>rinnon.</strong></span> 
     </span>
    </p>
   </div>
   <div class='ocr_carea' id='block_1_32' title="bbox 935 5135 1612 5370">
    <p class='ocr_par' dir='ltr' id='par_1_32' title="bbox 935 5135 1612 5370">
     <span class='ocr_line' id='line_1_97' title="bbox 961 5135 1561 5202; baseline -0.007 -14"><span class='ocrx_word' id='word_1_566' title='bbox 961 5141 1033 5188; x_wconf 78' lang='lat' dir='ltr'><strong>Filius</strong></span> <span class='ocrx_word' id='word_1_567' title='bbox 1046 5147 1070 5186; x_wconf 85' lang='lat' dir='ltr'><strong>ct</strong></span> <span class='ocrx_word' id='word_1_568' title='bbox 1081 5139 1174 5202; x_wconf 78' lang='lat' dir='ltr'><strong>genitor</strong></span> <span class='ocrx_word' id='word_1_569' title='bbox 1186 5137 1274 5186; x_wconf 87' lang='lat' dir='ltr'><strong>mirum</strong></span> <span class='ocrx_word' id='word_1_570' title='bbox 1288 5147 1410 5186; x_wconf 80' lang='lat' dir='ltr'><strong>certamen</strong></span> <span class='ocrx_word' id='word_1_571' title='bbox 1423 5135 1561 5196; x_wconf 82' lang='lat' dir='ltr'><strong>habebant,</strong></span> 
     </span>
     <span class='ocr_line' id='line_1_98' title="bbox 935 5220 1512 5335; baseline 0 -65"><span class='ocrx_word' id='word_1_572' title='bbox 935 5256 942 5335; x_wconf 71' lang='grc' dir='ltr'>γ</span> <span class='ocrx_word' id='word_1_573' title='bbox 994 5222 1103 5286; x_wconf 75' lang='lat' dir='ltr'><strong>Amplius</strong></span> <span class='ocrx_word' id='word_1_574' title='bbox 1114 5236 1144 5269; x_wconf 85' lang='lat' dir='ltr'><strong>ex</strong></span> <span class='ocrx_word' id='word_1_575' title='bbox 1155 5235 1228 5269; x_wconf 78' lang='lat' dir='ltr'><strong>censu</strong></span> <span class='ocrx_word' id='word_1_576' title='bbox 1242 5220 1342 5284; x_wconf 78' lang='lat' dir='ltr'><strong>perdere</strong></span> <span class='ocrx_word' id='word_1_577' title='bbox 1356 5227 1434 5284; x_wconf 77' lang='lat' dir='ltr'><strong>posset</strong></span> <span class='ocrx_word' id='word_1_578' title='bbox 1447 5228 1512 5270; x_wconf 83' lang='lat' dir='ltr'><strong>nter.</strong></span> 
     </span>
     <span class='ocr_line' id='line_1_99' title="bbox 961 5302 1612 5370; baseline -0.003 -15"><span class='ocrx_word' id='word_1_579' title='bbox 961 5308 1032 5355; x_wconf 83' lang='lat' dir='ltr'><strong>Nunc</strong></span> <span class='ocrx_word' id='word_1_580' title='bbox 1043 5305 1115 5369; x_wconf 73' lang='lat' dir='ltr'><strong>igitur</strong></span> <span class='ocrx_word' id='word_1_581' title='bbox 1126 5313 1250 5370; x_wconf 82' lang='lat' dir='ltr'><strong>postquam</strong></span> <span class='ocrx_word' id='word_1_582' title='bbox 1264 5302 1407 5369; x_wconf 77' lang='lat' dir='ltr'><strong>patrimonia</strong></span> <span class='ocrx_word' id='word_1_583' title='bbox 1419 5311 1469 5352; x_wconf 83' lang='lat' dir='ltr'><strong>tota</strong></span> <span class='ocrx_word' id='word_1_584' title='bbox 1482 5311 1612 5364; x_wconf 81' lang='grc' dir='ltr'>νοταιιαιι,</span> 
     </span>
    </p>
   </div>
   <div class='ocr_carea' id='block_1_33' title="bbox 0 0 1910 5910">
    <p class='ocr_par' dir='ltr' id='par_1_33' title="bbox 0 0 1910 5910">
     <span class='ocr_line' id='line_1_100' title="bbox 0 0 1910 5910; baseline 0 1"><span class='ocrx_word' id='word_1_585' title='bbox 0 0 1910 5910; x_wconf 95' lang='lat' dir='ltr'><strong> </strong></span> 
     </span>
    </p>
   </div>
  </div>
 </body>
</html>
