3810 5910
475 373 599 434 CAPUT
619 375 667 434 lX.
691 376 972 437 artushumeris
993 377 1328 439 DEMONSTRATIVA.
1644 385 1696 445 lii

101 507 203 570 Μοῦνος
214 504 236 561 δ’
246 501 382 565 Ἑλλάνων
396 505 448 563 τόδ’
461 507 515 585 ἔχει
528 508 617 585 γέρας·
632 507 777 567 ἑπτάπυλοι
791 509 818 568 δὲ

139 591 232 663 &idat
246 592 300 702 καὶκ
309 592 422 672 γενέτωρ
438 594 553 674 ε’στέφεθ’
568 595 763 676 Ἑρμοκράτης.

375 736 437 785 589.
457 740 594 786 idllthN.

208 842 249 896 iiic
256 842 352 903 ἄγαλμα
360 843 435 907 Ἥρας
445 844 588 902 θηλαζούσης
597 844 637 894 τόν
646 844 771 909 Ἡρακλέα.

98 963 187 1034 Αὐτὴν
204 963 333 1045 μητρυιήν
347 963 508 1043 τεχνήσατο·
522 961 630 1023 τοῦνεκα
646 963 727 1041 μαζὸν

138 1057 174 1120 εἰς
188 1054 261 1114 νόθον
274 1059 289 1113 ὁ
303 1053 423 1124 πλάστης
437 1056 465 1111 οὐ
480 1052 626 1131 προσέθηκε
640 1055 720 1133 γάλα.

376 1196 441 1246 590.
461 1198 601 1246 ΑΔΗΔΟΝ.

169 1311 207 1364 Εἰς
217 1308 313 1372 ἄγαλμα
321 1308 453 1370 Ἡφαίστου
466 1311 505 1357 καὶ
517 1310 610 1367 Ἀθηνᾶς
623 1311 664 1359 καὶ
673 1309 809 1374 Ἐρεχθέως.

923 518 1703 590 SolusautemGraacorumhochabetpraemiumacceptam-por·

953 607 1056 668 thebae,
1067 611 1093 658 et
1106 623 1192 672 parens
1201 610 1361 660 coronabatur
1371 615 1549 663 Hennocrates.
1615 614 1703 677 [tarum

1201 752 1255 800 589.
1278 763 1417 805 rhesum.

1062 861 1089 906 ln
1100 864 1197 906 statuam
1208 863 1306 908 lunonis
1316 864 1418 910 lactantis
1428 863 1555 913 herculem.

925 975 997 1026 Plane
1009 989 1138 1026 novercam
1150 975 1246 1027 effinxit
1259 993 1266 1026 z
1280 977 1335 1028 ideo
1350 992 1481 1030 mammam
1563 1004 1565 1008 ·

955 1065 980 1114 irt
991 1064 1098 1128 spuriam
1111 1065 1219 1129 sculptor
1226 1078 1274 1116 non
1288 1066 1375 1116 indidit
1388 1068 1434 1118 lac.

1202 1202 1256 1248 590.
1282 1209 1422 1251 lucensi.

1026 1316 1052 1353 tn
1062 1312 1158 1354 statuam
1170 1310 1262 1354 vulcani
1271 1343 1278 1363 ‚
1288 1314 1312 1355 et
1322 1313 1436 1365 Minerva,
1449 1317 1471 1357 et
1482 1312 1608 1357 Erechthei.

99 1463 111 1484 .
127 1433 162 1494 ‘fl
182 1434 262 1513 τέχνη
277 1432 427 1512 συνήγειρεν
446 1430 514 1507 άμὴ
531 1431 605 1511 φύσις
619 1463 628 1483 ι
641 1423 712 1491 εἶπεν
727 1435 740 1491 θ
759 1432 887 1509 πλάστης,
926 1454 937 1477 ι
951 1439 997 1484 Ars
1005 1434 1128 1499 conjunxit
1140 1449 1196 1498 qum
1206 1449 1254 1485 rmn
1265 1437 1352 1486 natura
1363 1457 1389 1497 n,
1402 1436 1462 1487 dixit
1471 1436 1593 1500 sculptor:

139 1549 152 1574 e
169 1526 253 1602 μῆτερ
267 1519 341 1598 νόσφι
355 1520 452 1592 τόκων,
464 1520 559 1596 νυμφίε
570 1520 645 1601 νόσφι
656 1521 760 1596 γάμων.
779 1549 790 1572 υ

208 1736 212 1743 ,
380 1670 443 1721 sss.
462 1672 599 1720 acutos.

263 1773 302 1828 El<
313 1771 410 1834 ἄγαλμα
418 1771 498 1837 Ἄρεος
508 1774 549 1821 καὶ
559 1771 697 1836 Λφροθὶτης.

93 1893 174 1975 Ἄρεα
186 1895 231 1955 καὶ
246 1893 354 1976 Παρίην
367 1899 380 1952 ό
394 1895 528 1977 ζωγράφος
542 1899 577 1962 εἰς
593 1895 672 1972 μέσον
687 1894 758 1955 οίκου

136 1982 382 2064 άμφιπεριπλέγδην
394 1984 523 2063 γέγραφεν
536 1985 710 2065 ἀμφοτέρους·

95 2073 124 2128 ἔκ
138 2072 239 2151 θυρίδος
252 2069 378 2146 clipello
392 2073 506 2133 Φαέθων
522 2075 716 2154 πολυπάμφαος
731 2073 809 2153 αἴγλη

134 2159 197 2231 ἔστη
212 2157 373 2237 ἀμηχανόων
388 2160 549 2241 ἀμφοτέρους
564 2162 692 2224 σκοπέων.

94 2248 199 2314 Ἠέλιος
216 2246 361 2326 βαρύμηνις
373 2246 422 2314 ἕως
433 2246 519 2320 τίνος;
532 2249 585 2307 οὐδ’
599 2249 642 2307 ἐπὶ
654 2253 736 2328 κηροί

133 2338 226 2408 ἤθελεν
242 2334 347 2415 ἀψύχου
360 2337 404 2395 τὸν
416 2336 495 2415 χολον
508 2337 637 2405 ἐξελάσαι.

381 2479 443 2530 599.
464 2482 604 2530 hastos.

173 2583 214 2639 rste
222 2581 311 2633 dosside
320 2582 476 2645 περιέχουσαν
487 2583 528 2638 τήν
538 2582 620 2643 γένναν
630 2586 672 2631 τοῦ
682 2585 797 2648 Σωτῆρος.

92 2703 130 2766 Ὦ
144 2705 225 2764 πόσον
237 2704 331 2777 εὐήθης
344 2708 357 2762 ό
370 2702 520 2783 ζωγράφος,
534 2703 590 2763 ὅττι
600 2705 730 2786 χαράσαει

134 2793 255 2872 κοίρανον
270 2793 374 2873 εἰρήνης
388 2791 480 2850 ἀσπίδι
492 2793 654 2870 τικτόμενον.

380 2934 443 2986 595.
463 2932 604 2986 sanson.

351 3037 392 3092 iste
401 3035 497 3099 ἄγαλμα
509 3036 623 3095 Μηδιίας.

93 3152 191 3224 oinos
206 3165 271 3238 θμοῦ
284 3161 329 3219 καί
343 3159 443 3219 λθσσαν
458 3160 589 3237 ἐτήτυμον
605 3160 686 3228 ἔνθεος
699 3161 764 3241 ἀνὴρ

94 3250 228 3330 μαρμάρῳ
244 3247 412 3326 ἐγκατέμιξε,
429 3249 585 3326 βιαζομένην
602 3250 624 3307 δ’
638 3248 690 3308 ὑπὸ
704 3248 796 3328 τέχνης

93 3340 198 3410 tes-atq
215 3337 333 3408 Μήδειαν
348 3334 411 3407 ὅλης
425 3336 537 3412 ἔμνησεν
548 3335 632 3407 ἀνίης.

377 3481 441 3531 594.
461 3484 596 3532 sanson.

92 3608 222 3683 Ζωγράφι
236 3602 283 3661 τὰν
299 3603 401 3684 μορφάν
414 3605 569 3680 ἀπομάξαι,
586 3605 636 3663 αἴθ’
648 3605 685 3665 ἐνί
700 3612 774 3686 κηρῷ
803 3614 805 3618 ’

94 3778 160 3824 hohi
176 3784 256 3823 tarseus
269 3773 346 3822 honos
360 3777 453 3824 Grmco.
491 3776 599 3824 Gaudete
612 3777 708 3825 cornuis

128 3858 201 3908 Aonis
215 3856 366 3919 minelum,
380 3868 404 3906 et
417 3867 486 3923 ροισι
499 3861 676 3909 Hermocrates.

390 3976 449 4037 589.
468 3989 579 4025 messer.

211 4079 249 4125 De
262 4075 368 4144 imagine
386 4075 488 4126 lunonis
500 4073 626 4126 Herculem
639 4075 760 4129 iactantis.

95 4177 246 4228 liberatione
259 4178 331 4230 rides.
369 4184 413 4229 Ars
427 4189 462 4228 est
477 4179 569 4230 imitata
585 4197 730 4243 novercam,

129 4272 208 4332 Atque
221 4265 274 4316 ideo
288 4282 418 4326 mammas,
431 4266 472 4315 sed
484 4266 535 4315 sine
549 4267 626 4328 lacte,
638 4267 712 4320 dedit.

387 4369 445 4431 590.
469 4383 580 4418 ructans.

274 4473 311 4519 De
325 4468 430 4536 imagine
443 4467 556 4528 Vulcani,
572 4467 682 4519 trireme

392 4561 415 4599 ct
429 4551 578 4604 Erechtheas.

94 4652 200 4702 virsine
210 4651 333 4717 conjugio,
345 4668 515 4718 nunquamque
528 4668 645 4720 puerpera
658 4663 741 4712 mater,

127 4739 282 4799 Quanatura
290 4735 388 4800 nequit,
404 4736 480 4800 plasta
494 4735 545 4796 ait,
557 4751 596 4784 ars
609 4735 693 4787 sociat.

393 4835 449 4896 591.
468 4849 579 4882 ιιισειιτι.

284 4935 321 4978 De
331 4930 435 4996 imagine
445 4930 533 4979 Martis
542 4941 564 4979 et
579 4934 683 4984 Veneris.

93 5033 154 5078 Fece
167 5028 240 5077 domo
254 5028 331 5077 media
345 5043 389 5092 per
402 5029 490 5077 amoris
502 5028 581 5078 rinele
596 5030 660 5094 ligati

127 5111 229 5161 Pictoris
236 5113 334 5160 Mavors
342 5121 367 5159 et
375 5114 456 5160 Venus
467 5121 520 5160 arte
526 5111 616 5176 jacent.

92 5194 182 5242 Omnia
194 5194 236 5259 qui
251 5193 336 5242 lustrat
347 5194 387 5243 Sol
401 5193 464 5244 iorte
473 5203 572 5259 patente
583 5193 686 5243 fenestra

956 1543 968 1566 ι
984 1526 1004 1573 0
1015 1526 1094 1573 mater
1103 1523 1155 1575 sine
1165 1523 1261 1585 liberis,
1274 1537 1290 1575 o
1303 1537 1390 1588 sponse
1405 1525 1457 1577 sine
1469 1525 1567 1590 nuptiis.
1578 1547 1589 1569 υ

1202 1671 1258 1717 591.
1283 1678 1423 1720 lhcsn‘rt.

1118 1784 1144 1825 ln
1155 1780 1276 1837 imaginem
1289 1779 1364 1825 hlautis
1373 1785 1396 1825 et
1406 1780 1505 1826 Veneris

923 1908 1026 1958 Martem
1037 1909 1063 1956 et
1075 1905 1188 1970 Paphiam
1202 1906 1281 1970 pictor
1290 1905 1315 1955 iu
1327 1904 1408 1956 media
1420 1904 1493 1955 domo

952 1994 1288 2058 inconsentissimoamplenu
1299 1994 1379 2058 pinxit
1392 1998 1522 2058 utrosque,

922 2098 936 2135 e
946 2085 1052 2135 fenestra
1062 2096 1120 2134 vero
1128 2082 1244 2147 prodiens
1254 2083 1381 2134 Phaethon
1388 2082 1447 2149 (sol)
1456 2083 1620 2135 raldelucsns
1628 2085 1702 2149 splen·

953 2173 1023 2225 stetit
1035 2173 1209 2237 obstupescens
1222 2176 1339 2236 utrosque
1351 2172 1498 2237 adspiciens.
1635 2173 1703 2239 [dore

922 2263 964 2314 Sol
975 2262 1244 2328 grauiter-succensens
1256 2266 1401 2324 quousque?
1413 2275 1443 2312 ne
1457 2261 1483 2312 in
1493 2275 1548 2314 cera
1559 2261 1658 2330 quidem

953 2351 1033 2403 roluit
1044 2349 1143 2402 hanimi
1156 2349 1217 2400 iram
1230 2349 1357 2416 expellere.

1195 2483 1239 2528 592
1282 2491 1419 2532 tucatur.

1049 2596 1074 2638 ln
1089 2595 1194 2651 clypeum
1213 2596 1333 2640 lmlreutcm
1349 2593 1431 2637 nutrito
1442 2591 1569 2635 salvatoris.

922 2719 942 2766 0
957 2729 1030 2780 quarn
1044 2714 1173 2780 plumbeus
1185 2718 1221 2765 est
1234 2715 1321 2780 pictor,
1331 2714 1390 2778 quia
1399 2717 1557 2780 representat

953 2805 1084 2869 principem
1096 2804 1163 2868 pacis
1175 2804 1294 2868 in-clypeo
1305 2807 1457 2854 nascentem.

1201 2941 1255 2987 593.
1278 2946 1415 2989 incussi.

1187 3052 1213 3093 lu
1230 3053 1327 3093 statuam
1340 3048 1431 3096 lledeae,

921 3163 1112 3215 Misericordiam
1125 3163 1233 3214 simulet
1247 3166 1354 3214 lusorem
1367 3154 1453 3214 remm
1465 3163 1564 3214 divinus
1573 3163 1610 3213 vir

920 3253 1036 3303 marmori
1045 3252 1146 3314 indidit,
1161 3253 1335 3316 subactamque
1347 3253 1378 3303 ab
1389 3257 1441 3304 arte

920 3341 1039 3407 lapideam
1051 3341 1162 3392 Medeam
1174 3341 1247 3393 totius
1258 3342 1461 3392 memorem-lecit
1475 3342 1574 3392 doloris.

1200 3485 1255 3533 594·
1279 3494 1418 3536 lucensi.

921 3617 942 3663 0
956 3613 1043 3680 pictor,
1057 3614 1160 3664 formam
1173 3615 1382 3679 qui-expressisti,
1394 3615 1488 3666 utinam
1501 3629 1562 3666 cerm

958 3782 1014 3827 lloec
1028 3779 1109 3838 ridet,
1121 3788 1192 3843 atque
1205 3777 1286 3826 urrimo
1297 3794 1343 3826 non
1358 3777 1462 3842 patiente
1477 3779 1551 3826 videt.

922 3865 991 3924 Quo,
1002 3862 1057 3922 Sol,
1070 3876 1144 3926 usque
1153 3875 1235 3924 grases
1244 3869 1318 3908 temet
1326 3859 1423 3908 durabis
1435 3859 1459 3908 iu
1472 3859 1533 3916 iras,

956 3951 982 3994 lu
994 3963 1059 3995 ceras
1069 3945 1141 3994 etiam
1153 3943 1194 4010 qui
1206 3954 1246 3993 tua
1255 3945 1302 3992 tela
1312 3943 1389 4009 jacis?

1220 4066 1277 4128 ⁵9²·
1298 4080 1404 4113 rrecanrr.

1060 4180 1096 4225 De
1108 4177 1189 4245 σζγρεο
1198 4173 1298 4225 dedente
1309 4175 1399 4227 eluisti
1407 4176 1562 4227 nativitatem.

921 4275 1048 4326 Communi
1058 4291 1127 4326 sensu
1137 4276 1215 4343 pictor
1224 4276 1325 4326 caruisse
1337 4277 1438 4335 ridetur,

954 4365 999 4408 Per
1010 4375 1080 4425 quem
1092 4375 1134 4409 rex
1144 4359 1209 4427 pacis
1219 4360 1325 4409 nascitur
1335 4359 1360 4409 in
1369 4361 1462 4426 clypeo.

1215 4478 1272 4539 593.
1291 4494 1403 4527 ιιιοιιτι.

1176 4581 1212 4627 De
1225 4577 1330 4644 imagine
1341 4575 1441 4627 Medeoe.

921 4701 955 4747 En
968 4712 1051 4745 nranus
1060 4696 1178 4745 excellens
1187 4695 1212 4744 in
1224 4712 1341 4745 marmore
1351 4696 1445 4746 miscuit
1457 4713 1503 4748 ιιιιιι

920 4783 979 4830 Cum
991 4781 1078 4845 pietate
1086 4779 1159 4828 simul
1168 4779 1269 4830 rabiem.
1304 4780 1341 4829 Sit
1350 4795 1418 4828 saxea
1429 4780 1552 4845 quamvis.

920 4863 1016 4923 Cogitur
1026 4861 1137 4927 antiquos
1146 4861 1242 4912 Colchis
1254 4861 1389 4911 meminisse
1397 4862 1500 4912 dolores.

1214 4980 1272 5042 594.
1290 4994 1404 5028 ιιισιιιτι.

1165 5078 1203 5124 De
1216 5075 1322 5125 Socratis
1334 5076 1446 5144 imagine.

892 5182 896 5218 ¹
919 5197 949 5246 Di
960 5196 1079 5258 laterent,
1091 5195 1169 5261 pictor
1179 5198 1254 5248 veluti
1265 5199 1305 5250 dat
1314 5198 1416 5250 Socratis
1425 5214 1479 5253 ora.
