3810 5910
539 409 663 469 cnrbr
684 412 734 471 lX.
756 411 1033 475 EPIGRAMMATA
1058 415 1392 481 DEMONSTRATlVA.

404 552 452 601 si.
477 542 696 603 ΠΛΑΤΩΝΟΣ.
1272 563 1311 608 sr.
1328 560 1485 613 rnrrorrrs.

163 677 233 738 Albi
248 681 335 739 πάντα
350 681 435 761 ρι’ρει·
449 682 552 762 δολιχὸς
565 683 656 762 χρόνος
671 674 738 743 οἶδεν
753 684 870 762 ιἰμείδειν
990 698 1056 746 AEtas
1068 701 1156 748 cuncta
1168 699 1228 759 iert3
1243 701 1340 764 longum
1354 706 1452 767 tempus
1466 708 1534 758 nevit
1550 712 1646 759 niumm

202 767 300 842 οὕνομα
317 770 362 829 καὶ
379 771 480 852 μορρήν
494 770 538 830 καὶ
553 773 630 852 φύσιν
644 772 698 865 ἠδὲγ
708 774 800 852 τύχην.
1020 795 1107 832 nornen
1120 786 1145 834 et
1155 784 1257 836 lemnam
1269 790 1294 838 et
1308 792 1419 840 naturam
1432 794 1457 841 et
1469 795 1570 844 sortem.

372 922 419 973 οι.
443 914 724 975 ΚΛΡΠΥΛΛΙΔΟΥ.
965 905 969 1047 γ
1243 931 1281 975 ω.
1299 927 1514 981 esuriamus.

159 1051 261 1131 Ἰχθύας
273 1051 407 1133 ἀγκίστρῳ
418 1077 457 1120 τις
471 1053 515 1111 ἀπ’
531 1055 604 1134 ᾐόνος
617 1054 717 1135 εὔτριχι
733 1053 836 1133 βάλλων
988 1065 1069 1114 l’isces
1088 1064 1161 1114 harno
1175 1065 1296 1129 quispiam
1310 1068 1390 1132 arr'pa
1407 1069 1669 1133 piris-bune-instructo
1681 1080 1767 1140 petens

197 1138 304 1202 εἵλκυσε
319 1146 434 1219 ναυηγαῦ
450 1153 537 1222 κρᾶτα
551 1142 715 1222 λιποτριχέα.
1016 1153 1089 1202 traxit
1101 1153 1211 1217 naufragi
1225 1158 1299 1218 caput
1311 1156 1538 1220 pilis-destitutum.

157 1232 296 1312 Οἰκτείρσς
310 1231 338 1291 δὲ
352 1230 427 1289 νέκυν
441 1230 486 1290 τδν
499 1232 653 1309 ἀσώματον,
667 1231 692 1300 ἐξ
707 1232 834 1314 ἀσιδήρου
986 1245 1166 1307 illiseralusque
1177 1248 1303 1297 mortuum
1313 1248 1365 1298 sine
1374 1251 1477 1316 relique
1491 1265 1605 1316 corpore,
1619 1253 1705 1306 inermi

193 1320 280 1398 χειρὸς
296 1320 467 1380 inimemor
480 1320 551 1380 λιτδν
565 1319 652 1399 ἔχωσε
664 1322 754 1399 τάφον·
872 1322 875 1339 ²
1017 1349 1091 1385 manu
1102 1335 1197 1386 fodiens
1207 1339 1306 1387 tenuem
1321 1340 1410 1402 egessit
1422 1343 1560 1402 tu,ruulum;

157 1403 212 1489 εὗρε
227 1410 256 1471 δὲ
271 1411 427 1487 πευθόμενοι
441 1417 540 1491 χρυσοῦ
556 1411 647 1489 κτέαρ.
692 1401 729 1472 Ἦ
747 1416 779 1494 ραι
792 1412 899 1480 δικαίοις

193 1499 316 1580 ἀνδράσιν
332 1498 452 1571 uiridior
466 1501 515 1559 οὐκ
529 1500 650 1559 άπολωλε
663 1500 748 1580 χάρις.

984 1423 1075 1473 invenit
1089 1426 1172 1474 autem
1186 1424 1298 1476 abditum
1310 1426 1364 1476 auri
1377 1426 1530 1481 metaurum.
1548 1430 1661 1484 Proiecto
1669 1435 1744 1497 luetis

1017 1512 1075 1560 riris
1084 1511 1183 1575 pietalis
1194 1526 1242 1562 non
1255 1514 1327 1576 periit
1341 1516 1425 1579 gratia

263 1653 311 1702 so.
333 1643 572 1714 Nlllonillioi,
586 1644 610 1701 αι
625 1641 651 1700 δὲ
666 1643 827 1703 ΒΑΣΣΟΥ.
961 1552 966 1760 i
1179 1656 1217 1702 ω.
1234 1654 1403 1714 nrconunr,
1416 1653 1468 1703 arm
1481 1657 1573 1706 mssr.

153 1779 330 1860 Ἱπποκράτης
345 1781 409 1862 ράος
424 1771 456 1854 ἥν
472 1780 605 1860 μερόπων,
620 1780 666 1839 καὶ
681 1780 763 1840 onisco
775 1784 845 1840 λαῶν
983 1785 1143 1848 Hippocrates
1154 1783 1237 1835 iumen
1251 1786 1304 1836 erat
1317 1785 1465 1848 mortalium,
1480 1791 1505 1837 et
1518 1789 1677 1842 servabantur
1690 1791 1722 1840 ob
1737 1806 1767 1841 eo

190 1870 277 1942 ἔθνεα,
291 1871 338 1928 καὶ
349 1869 447 1929 νεκύων
463 1861 494 1943 ἧν
509 1871 603 1937 σπάνις
617 1872 653 1928 εἰν
668 1869 740 1947 alep.
1015 1875 1114 1937 gentes,
1124 1875 1312 1923 etmortoorurn
1321 1875 1374 1923 erat
1384 1874 1486 1936 penuria
1495 1874 1519 1924 in
1530 1877 1602 1926 Orco.
1629 1876 1765 1940 [homiuum

357 2020 405 2071 ει.
431 2011 729 2072 ΜΕΝΕΚΡΑΤΟΥΣ.
1245 2015 1283 2061 τι.
1299 2012 1498 2062 annuemus

151 2152 237 2228 liipoc
249 2148 316 2208 ἐπὰν
328 2149 375 2228 μὲν
389 2151 456 2236 άπῇη,
468 2158 520 2214 πᾶς
530 2148 646 2228 εὔχεται·
663 2147 695 2220 ἢν
710 2147 739 2207 δι’
753 2147 813 2206 ποτ’
828 2146 907 2226 ἔλθῃ,
980 2154 1142 2213 Senectutem,
1154 2166 1233 2216 quum
1243 2152 1319 2213 abest,
1332 2154 1436 2216 quisque
1448 2157 1531 2217 optat3
1545 2156 1566 2205 si
1575 2157 1674 2219 quaudo
1683 2160 1766 2209 autem

189 2239 336 2319 μέμφεται·
352 2237 408 2297 ἔστι
421 2239 444 2297 δ’
461 2237 501 2297 ἀεὶ
515 2238 634 2319 κρεῖσσον
649 2237 827 2318 ὀφειλόμενον.
1012 2241 1638 2306 culpat:estrerosempermeliorquaudodcbetur.
1647 2245 1764 2310 [advenit

187 2390 235 2440 55.
261 2378 513 2454 ΑΟΥΚΙΛΛΙΟΥ,
531 2379 553 2435 ei
571 2376 597 2434 δὲ
614 2379 902 2439 ΜΕΝΕΚΡΑΤΟΥΣ

463 2467 623 2527 mmor·
1079 2427 1117 2470 55.
1135 2419 1279 2480 Lucrum,
1294 2419 1347 2470 liliis
1359 2422 1555 2472 mnmsscnsrls
1571 2423 1663 2474 samir.

150 2605 183 2666 Εἴ
194 2629 234 2672 τις
246 2605 367 2684 γηράσας
380 2608 426 2685 ζῇν
442 2604 565 2685 εὔχεται,
582 2604 650 2673 ἄξιός
665 2607 720 2665 ἐστι
978 2613 1003 2662 Si
1017 2613 1073 2676 quis
1082 2611 1257 2662 senior-sactus
1269 2610 1351 2661 vivere
1364 2613 1443 2674 optat,
1457 2610 1546 2673 dignus
1557 2614 1595 2662 est

185 2694 328 2772 γηράσκειν
342 2694 445 2753 πολλῶν
462 2697 498 2761 εἷς
512 2694 589 2754 ἐτέων
604 2691 723 2760 δεκάδας.
1010 2715 1052 2764 qur
1062 2703 1173 2751 senescat
1186 2698 1321 2751 multorum
1331 2699 1356 2748 in
1366 2712 1482 2749 annorum
1493 2699 1607 2752 decades.

228 2844 277 2894 ss.
302 2835 499 2895 ·l›lnllill0r
519 2835 851 2897 GEXZAAONlKfflZ.
1109 2845 1147 2888 se.
1166 2839 1302 2888 PHILIPPI
1318 2840 1627 2890 rrmssruorrrcrsusrs.

146 2972 250 3052 Ἐδρου
264 2971 395 3051 Θρηϊκίου
409 2975 503 3052 κρυμῷ
517 2971 696 3049 πεπεδημένον
711 2970 781 3050 ὕδωρ
977 2980 1052 3032 Hebri
1064 2980 1162 3030 Thracii
1171 2979 1225 3044 gelu
1239 2979 1394 3045 constrictum
1403 2992 1492 3042 aquam

186 3061 277 3132 νήπιος
292 3059 432 3119 εἰσδσιίνων
444 3063 492 3119 οὐκ
507 3060 599 3142 ἔρυγεν
613 3060 733 3119 θάνατον·
1008 3083 1071 3132 puer
1084 3069 1207 3133 ingressus
1219 3082 1267 3117 non
1278 3067 1363 3132 elingit
1375 3071 1486 3118 mortem.

149 3149 305 3226 ἐςποταμὸν
322 3150 344 3205 δ’
357 3148 408 3220 ἤδη
422 3150 619 3228 λαγαρούμενον
633 3147 704 3227 ἴχνος
718 3145 836 3218 ὀλισθὼν,
975 3160 1003 3209 Iu
1018 3159 1109 3208 ilurnen
1123 3169 1181 3208 rere
1193 3154 1244 3218 jam
1257 3157 1477 3219 extenuata-glaeie
1491 3156 1593 3220 vestigio
1606 3156 1698 3220 lapsus,

185 3241 278 3318 κρυμῷ
288 3234 348 3304 τοὺς
364 3235 480 3302 ἁπαλοὺς
494 3236 606 3317 αὐχένας
625 3235 774 3317 αἰμρεκάρη.
1008 3248 1064 3311 gelu
1079 3248 1180 3311 (plecte)
1193 3251 1290 3297 teneras
1299 3247 1382 3296 lauces
1394 3246 1555 3297 circumcisus
1563 3250 1611 3296 est.

150 3326 199 3387 Καὶ
213 3326 245 3384 ab
259 3324 307 3404 μὲν
321 3323 427 3404 ἐξεσάρη
442 3325 533 3384 λοιπὸν
547 3324 640 3401 δέμας·
652 3331 669 3396 ἡ
686 3327 712 3383 δὲ
730 3328 844 3402 μένουσαι
976 3339 1007 3386 El
1017 3336 1145 3400 abreptum
1159 3334 1259 3398 quidem
1271 3337 1309 3384 est
1318 3336 1427 3385 ceterum
1442 3348 1543 3398 corpus3
1555 3347 1655 3384 manens
1670 3349 1728 3384 rero

187 3415 245 3495 ὄψις
260 3411 409 3506 άνργκαίην
425 3403 480 3494 εἶχε
493 3411 575 3495 τάρου
588 3413 730 3495 πράρασιν.
1007 3424 1094 3474 rullus
1106 3423 1268 3474 necessariam
1277 3421 1365 3473 habuit
1375 3423 1509 3487 scpultnrre
1523 3434 1630 3473 eausam.

147 3505 281 3583 Δύαμορος
296 3508 327 3574 ἡς
342 3503 423 3561 ὠδῖνα
438 3503 553 3562 διιιλιιτο
567 3510 619 3583 πῦρ
634 3527 662 3563 τε
675 3503 720 3562 καὶ
733 3503 764 3563 lt
788 3527 816 3586 p·
977 3514 1089 3564 inlausta
1099 3515 1195 3573 rnolcr,
1206 3510 1277 3574 cujus
1286 3513 1383 3575 partum
1393 3509 1475 3561 divisit
1487 3511 1598 3575 ignisque
1607 3513 1632 3561 et
1642 3524 1723 3574 aquo:

184 3592 339 3672 αἰμροτέρων
356 3589 382 3648 δὲ
398 3593 492 3663 δοκῶν,
508 3591 610 3658 οὐδενός
623 3593 692 3651 ἐστιν
705 3590 782 3659 ὅλως.
1009 3602 1139 3664 utriusque
1153 3600 1213 3654 dum
1231 3598 1327 3650 ridetur
1339 3612 1400 3662 csse,
1412 3598 1525 3649 neutrius
1539 3601 1577 3649 est
1589 3599 1695 3649 omnino.

440 3766 480 3814 51.
500 3781 624 3815 εεκπυαιι.
1007 3767 1111 3828 Lucifer,
1126 3777 1150 3816 et
1162 3766 1255 3833 populis
1267 3775 1302 3815 est
1316 3765 1373 3814 deus
1386 3764 1552 3830 Hippocrates.

144 3882 230 3933 Omnia
243 3881 371 3932 imbutas:
386 3891 509 3940 naturam,
524 3880 636 3940 nomina,
647 3879 746 3930 formam
1255 3903 1296 3957 54·
1312 3917 1476 3950 mmmm·

177 3968 357 4030 Fortunamque
369 3965 429 4014 solet
439 3971 536 4012 serlere
548 3963 618 4026 longa
627 3962 686 4014 dies.
1675 4008 1679 4019 Ι

972 4019 1106 4082 Quaerimus
1118 4018 1256 4075 absentem,
1269 4026 1409 4083 presentem
1421 4015 1568 4081 plangimus,
1583 4024 1608 4064 et
1620 4031 1672 4081 qua·

418 4084 460 4130 52·
480 4096 653 4132 crummi-
1006 4106 1114 4151 Ventura
1127 4111 1162 4151 est
1174 4101 1242 4151 nobis
1252 4101 1304 4150 oola
1312 4109 1407 4150 senecta
1416 4101 1504 4165 piacet.

145 4199 266 4264 crinigero
279 4199 377 4264 quidam
389 4198 445 4246 dum
458 4206 539 4264 cuptut
550 4197 668 4246 arundine
682 4197 770 4262 pisces,

176 4284 331 4348 Nariiragnm
345 4283 411 4332 ducit
421 4283 470 4348 jam
484 4282 535 4331 siue
548 4282 615 4332 crine
628 4291 699 4347 capnt
715 4298 721 4331 :

145 4375 173 4420 Et
182 4409 189 4432 ,
199 4371 256 4435 quia
267 4385 317 4418 non
329 4368 412 4416 aderat
423 4367 512 4415 serrum
523 4403 529 4424 ‚
543 4366 582 4432 pia
596 4367 694 4415 dextera
709 4367 822 4432 supplens
972 4358 1113 4424 Decrepitus
1126 4357 1146 4406 si
1157 4356 1211 4423 quis
1220 4365 1300 4405 lamen
1312 4364 1378 4421 oplat
1389 4353 1482 4413 rivere,
1492 4350 1575 4415 dignus

178 4452 293 4502 officium
308 4451 402 4500 tumulo
414 4448 520 4498 condidit
534 4465 584 4498 ossa
600 4449 655 4498 levi.
1006 4446 1046 4492 Fst
1061 4458 1136 4491 annos
1147 4450 1243 4491 ceolum
1259 4441 1339 4489 risere
1353 4437 1497 4501 decrepitus.

145 4536 239 4587 iosenit
251 4535 293 4586 hir.
307 4535 360 4584 auri
375 4534 467 4601 pondus
481 4548 560 4596 grave.
594 4533 678 4581 Gratia
687 4534 741 4597 jure
1275 4558 1313 4604 55·
1333 4571 1454 4604 mmm

179 4622 232 4669 Non
242 4619 305 4686 perit
316 4654 323 4679 ,
338 4625 362 4665 et
372 4617 475 4682 pretium
485 4631 530 4681 pro
541 4616 630 4681 pietate
641 4615 721 4663 datur.

1273 4239 1315 4288 55.
1334 4254 1457 4286 nucrnrnr.

607 4732 619 4740 ,,
972 4675 1052 4725 Thrax
1065 4689 1124 4740 puer·
1136 4671 1249 4721 adstricto
1263 4669 1337 4733 glacie
1349 4668 1405 4715 dum
1419 4664 1514 4714 iuditio
1527 4662 1623 4723 Hebro,

251 4737 291 4784 53.
307 4750 459 4792 rrrcurruors,
476 4743 532 4793 uret,
546 4742 571 4779 ιιι
580 4731 619 4778 oiri
636 4728 730 4788 eolrrut,
745 4753 816 4791 ιικιιυι,
1006 4757 1100 4822 Eripuit
1116 4757 1188 4804 vitam
1199 4767 1264 4800 mors
1276 4750 1373 4816 inopina
1383 4749 1489 4797 brevem·

368 4857 397 4900 Ιυ
413 4851 524 4899 leorrorem
538 4850 700 4917 Hippocratis.
973 4847 1034 4894 Num
1050 4843 1172 4890 minuente
1181 4839 1235 4901 gelu
1244 4851 1298 4885 cum
1308 4835 1415 4901 pondere
1425 4841 1547 4898 rumperet
1559 4843 1669 4887 amnena,

1006 4924 1115 4975 Abscidit
1127 4921 1208 4970 infelix
1220 4919 1311 4968 lubrica
1322 4925 1382 4967 testa
1393 4923 1473 4982 caput.

973 5014 1063 5061 Cratera
1077 5008 1111 5055 ris
1123 5005 1190 5054 ssusii
1204 5003 1299 5070 rapuit,
1311 5010 1450 5064 servataque
1465 5006 1556 5047 tantum

1007 5098 1024 5143 F
1026 5108 1114 5142 uuerco
1124 5099 1200 5138 mater
1210 5088 1317 5156 repperit
1328 5101 1370 5135 ora
1381 5099 1447 5148 rogo.

145 4980 302 5044 Hippocrates
313 4975 371 5023 deus
383 4983 419 5022 est
431 4973 525 5040 populis
533 4982 558 5021 et
568 4970 653 5020 lucifer
661 4969 713 5019 orbi

178 5060 312 5118 Maximus,
323 5067 346 5106 et
358 5072 444 5124 paucos
455 5072 485 5104 err
497 5055 561 5120 repit
576 5053 696 5103 interitus.

454 5164 616 5230 'mmm'
972 5185 1026 5228 ileu
1036 5178 1126 5226 miserae
1137 5183 1233 5239 partum
1247 5170 1359 5219 diviserat
1368 5168 1427 5232 ignis
1436 5176 1460 5214 el
1469 5165 1546 5228 rrndrr3

146 5281 263 5333 interitus
272 5278 336 5346 rapit
348 5293 378 5327 en
392 5291 497 5344 peneus,
510 5284 534 5324 er
545 5273 663 5323 maximus
677 5270 730 5320 orbi
1006 5262 1054 5327 Qui
1067 5259 1176 5309 neutrius
1187 5265 1240 5307 erat
1251 5255 1285 5305 sic
1296 5253 1420 5317 utriusque
1433 5250 1486 5300 iuit.
