3810 5910
164 361 223 421 580

166 503 195 559 οὐ
208 502 326 580 μεγάλην
339 505 425 571 αὐτοῖς
438 503 518 583 ἔγνων
532 527 627 585 χαριν,
641 509 699 566 ἀλλ’
713 506 752 566 δτι
767 506 847 570 λοιπά

206 589 287 668 Αἰγὸς
302 589 346 650 ἐπὶ
359 591 458 673 κρήνην
472 592 539 651 ἑπτὰ
552 593 622 674 λε’γυι
634 597 741 661 στάδια,

447 732 509 783 255.
530 736 672 786 adanon.

203 855 316 931 Ὀδῐτα,
334 858 371 934 μδ,
383 859 516 942 πράσερπε
530 863 595 944 πρὸς
605 862 638 922 τά
650 865 795 940 κλήματα,

205 944 269 1023 μηδ’
283 937 317 1004 ei
331 945 365 1005 τδι
381 951 470 1022 μῆλα,
485 949 547 1026 μηδ’
559 949 611 1024 ὅπη
623 951 657 1012 τδι
671 953 806 1028 μέσπιλα·

202 1033 274 1105 τηνεὶ
289 1035 316 1094 δὲ
332 1035 396 1117 πρὸς
412 1037 460 1108 τὴν
474 1044 578 1118 σχοῖνον
590 1039 744 1114 ἐξαμείάεο,

203 1125 238 1189 ὡς
254 1123 293 1200 μή
307 1147 333 1182 τι
348 1124 443 1206 θράξης
455 1129 553 1199 τῶνδε,
567 1129 628 1204 μηδ’
642 1128 801 1206 ἀποθρίσης,

204 1210 279 1271 deiru
293 1211 365 1290 πόνῳ
380 1215 522 1297 φυτουργὸς
535 1215 645 1288 ἔκτηται
660 1217 771 1295 Μίδων,

204 1296 231 1365 ὃς
242 1301 312 1376 κάμὲ
326 1305 419 1371 θῆκεν·
432 1303 465 1374 ἢν
479 1303 509 1363 δέ
523 1329 571 1382 μευ
586 1306 757 1386 παρακλῦῃς,

204 1388 292 1467 γνώσῃ
306 1391 349 1449 τὸν
363 1388 483 1471 Ἑρμῆν,
496 1398 532 1464 ὡς
544 1395 639 1462 κακοὺς
653 1394 809 1474 desideum.

439 1537 503 1588 256.
523 1540 661 1588 aauaort.

161 1648 292 1732 ’Qinpdv
304 1652 348 1712 τὸν
362 1658 449 1733 χῶρον
464 1654 518 1735 ἔχω
529 1654 576 1714 καὶ
588 1655 698 1735 ἔρημον,
712 1657 798 1713 δδῖτα·

199 1741 247 1798 οὐκ
259 1739 329 1819 ἐγὼ,
345 1742 472 1810 δστάσας
488 1745 511 1802 δ’
527 1743 608 1811 αἴτιος
623 1743 788 1824 Ἀρχίλοχος.

160 1828 200 1887 Οὐ
214 1828 266 1910 γδρ
280 1830 433 1909 ὄρειοχαρὴς
446 1833 553 1911 dipsade,
565 1833 619 1890 οὐδ’
632 1832 822 1912 ἁκρσλορίτας,

199 1917 229 1975 τδ
240 1919 321 1978 πλεῦν
336 1919 358 1976 δ’
368 1923 537 1999 ἀτροπιτοῖς,
552 1910 634 1995 ὦνερ,
647 1920 829 2000 ἀρεσκόμενος.

159 2004 314 2118 Ἀργέλοχσς
330 2010 364 2086 δ’,
376 2012 411 2076 ὡς
427 2010 504 2078 αὐτὸς
519 2011 681 2091 ἕρημορίλας
693 2009 740 2070 καλ
752 2009 880 2090 ἀγείτων,

197 2119 220 2154 ω
234 2095 353 2178 παριὼν,
365 2098 435 2157 τοῖον
450 2097 519 2175 κάμὲ
536 2100 717 2180 παρῳκίσατσ.

436 2240 499 2291 257.
518 2242 657 2292 aennon.

467 2349 507 2404 Εἰς
522 2349 645 2401 Διόνυσον.

156 2469 207 2529 Ἐκ
219 2467 315 2548 πυρὸς,
328 2459 350 2530 ὦ
366 2469 491 2543 Διόνυσε,
504 2469 533 2530 εδ
547 2469 666 2550 δεύτερον
679 2471 752 2544 ἠνίδε
763 2474 880 2553 χαλκοῦς

195 2555 333 2638 ἐξεράνης·
345 2556 436 2636 γενεὴν
451 2549 510 2638 ripe
523 2558 622 2639 Μάρων
634 2561 738 2637 ἑτέρην.

431 2702 495 2754 258.
515 2705 656 2752 malon.

480 2827 520 2882 tlte
534 2828 611 2875 Πᾶνα.

154 2942 298 3016 Δικτύννης
312 2945 379 3004 τοῖόν
396 2971 428 3024 με
443 2949 502 3006 καθ’
515 2945 583 3026 ἱερὸν
599 2945 716 3026 ἔμπυρον
731 2951 745 3006 ὁ
758 2945 832 3027 Κρὴς

194 3032 307 3111 χάλκεον
323 3032 431 3103 ἔστησεν
447 3035 526 3095 Πᾶνα
538 3033 582 3092 τὸν
599 3033 736 3113 οῑγόνυχα.

153 3120 246 3200 Δέρμα
259 3120 281 3179 δ’
292 3119 364 3201 ἔχω,
379 3124 485 3182 διπλοῦν
500 3147 528 3182 τε
540 3121 708 3199 λαγωδολον·
721 3126 751 3182 ix
766 3123 794 3185 δδ
806 3124 939 3206 πετραίας

193 3211 344 3290 σπήλυγγος
357 3211 434 3270 seiros
449 3213 558 3291 βλέμμα
574 3212 679 3270 διπλοῦν
693 3211 757 3298 πρδς
771 3213 837 3295 ὅρος.

436 3349 498 3399 259.
512 3351 650 3398 malon.

153 3460 259 3538 Πέτρης
273 3460 304 3517 ἐκ
320 3457 422 3538 Παρίης
437 3484 471 3535 με
482 3459 558 3518 πόλιν
572 3460 642 3519 κατδι
654 3460 795 3528 Παλλάδος
813 3462 896 3542 άκρην

193 3551 292 3618 στῆσαν
307 3546 439 3618 Ἀθηναῖοι
453 3549 530 3606 Πᾶνα
545 3549 747 3630 τροπαιοφόρον.

436 3690 499 3740 260.
516 3692 657 3740 ΑΔΠΔΟΝ.

152 3805 204 3867 “tls
220 3806 343 3887 λαχάνων
363 3809 387 3864 σ’
400 3808 413 3864 ὁ
426 3805 546 3886 Πρίηπος
559 3805 606 3864 ἴδοι
622 3808 715 3886 σχεδὸν
730 3806 802 3888 ἴχνια
819 3805 912 3882 θέντα,

151 3978 233 4026 Gratia
247 3993 292 4026 nee
304 3992 385 4042 ningna
395 3984 495 4040 estque
506 3977 615 4027 redditur
627 3994 633 4027 :
645 3976 725 4027 indico
739 3983 822 4042 Cnprae

183 4062 298 4120 Fontem,
308 4059 350 4125 qui
361 4067 453 4126 septem
464 4059 560 4109 dissidet
574 4058 630 4108 hinc
643 4059 732 4109 stadiis.

433 4144 491 4194 255.
513 4147 547 4191 De
560 4141 650 4192 eodem.

183 4227 221 4275 Ad
232 4224 285 4292 hos,
297 4223 384 4286 riatur,
395 4243 425 4276 ne
436 4225 572 4293 propinqua
585 4226 706 4292 palmites,

183 4313 236 4360 Nee
245 4309 280 4360 ito
291 4326 338 4376 qua
351 4320 406 4360 sunt
416 4312 495 4372 mula,
507 4327 552 4360 nec
566 4327 612 4376 qua
626 4312 725 4377 mespila
737 4326 744 4361 ε

182 4395 227 4444 Sed
238 4403 302 4444 reeta
315 4410 385 4460 perge.
397 4411 481 4444 norma
491 4411 562 4460 qnam
579 4406 696 4445 monstret
707 4398 779 4458 riam,

182 4476 222 4528 Sie
232 4474 267 4526 nil
275 4486 301 4527 ut
311 4476 398 4527 horum
409 4477 528 4534 densatas,
540 4479 575 4527 nil
588 4479 698 4542 vellices,

183 4564 243 4623 Qua
261 4556 350 4609 rustico
363 4557 447 4609 labore
458 4559 567 4626 quesivit
581 4560 664 4621 illido,

182 4647 272 4709 Meque
284 4639 325 4691 hle
336 4642 433 4694 locavit.
446 4641 471 4692 si
479 4658 525 4692 nee
536 4643 617 4701 audis,
629 4643 717 4692 senties

183 4729 262 4794 Quam
274 4724 306 4775 sit
316 4724 422 4776 eoelestis
433 4727 540 4778 Mercuri
555 4743 644 4775 numen
657 4743 737 4791 grase.

435 4812 493 4861 256.
513 4814 549 4860 De
560 4809 649 4861 eodem.

149 4893 219 4946 Solus
233 4893 257 4942 in
273 4892 365 4943 excelsa
379 4908 462 4942 moror
471 4893 517 4944 lrec
528 4910 571 4958 ego
583 4895 652 4958 sede,
665 4893 752 4952 viator,

183 4983 259 5044 Inque
267 4976 315 5026 hoe
325 4977 392 5026 nulla
404 4993 456 5026 mea
468 4986 505 5027 est
515 4978 600 5043 culpa,
610 4979 650 5028 sed
661 4978 817 5031 Archelochi.

150 5065 204 5114 Non
219 5060 308 5110 etenim
317 5062 373 5126 juga
383 5060 471 5110 montis
483 5071 547 5111 amat
557 5062 697 5128 Cyllenius,
709 5063 771 5113 altos

182 5150 231 5193 Aut
243 5143 366 5209 scopulos,
379 5152 459 5193 stratu
469 5145 509 5193 sed
522 5144 574 5191 loea
584 5143 641 5193 trita
653 5143 706 5195 viae.

149 5231 193 5278 Ille
204 5229 246 5278 sed
256 5226 423 5280 Archeloehus
436 5243 519 5292 segsex
529 5227 658 5294 turbasque
671 5244 779 5295 perosus,

724 365 977 430 ANTHOLOGIAE
1000 371 1203 434 PALA'l'lNAE

994 516 1045 553 non
1055 518 1168 571 magnam
1180 508 1216 557 eis
1229 509 1332 573 gratiam
1347 510 1425 561 liabeo
1439 528 1444 560 :
1456 513 1500 564 sed
1513 514 1687 580 reliqueras

1023 597 1112 661 cepres
1126 598 1158 648 ad
1173 599 1264 650 iontem
1280 605 1374 666 septem
1387 603 1441 653 dieo
1456 606 1544 657 stadia.

1277 758 1332 802 25⁵.
1356 763 1495 811 luctati.

1023 859 1118 924 Viator,
1128 875 1160 912 ne
1171 876 1275 928 prorepe
1283 864 1316 914 ad
1326 865 1404 929 vites,

1022 961 1103 1013 nequa
1114 963 1201 1002 rursus
1214 953 1245 1002 ad
1259 953 1336 1016 mala,
1347 968 1429 1019 neque
1442 958 1486 1009 uhi
1499 961 1618 1026 mespila,

1023 1036 1066 1088 illa
1074 1050 1134 1089 veru
1139 1038 1212 1100 juxta
1218 1039 1434 1102 junceum-sunem
1444 1049 1535 1107 transi.

1022 1139 1054 1176 ne
1066 1125 1125 1190 quid
1132 1127 1265 1180 eonturbes
1276 1130 1363 1181 borum
1372 1169 1379 1192 ,
1389 1146 1435 1183 nee
1442 1133 1566 1200 detlinges

1022 1228 1079 1279 quaa
1091 1229 1147 1266 eum
1158 1216 1241 1268 labore
1250 1218 1372 1282 plantator
1380 1223 1496 1287 quaesivit
1507 1225 1604 1290 Midon,

1022 1303 1103 1368 quiet
1115 1318 1156 1356 me
1167 1305 1258 1370 posuit.
1271 1307 1297 1358 si
1311 1323 1365 1362 rere
1379 1326 1418 1363 me
1427 1315 1782 1382 summouere-simulans,

996 1406 1000 1413 ·
1022 1406 1109 1445 naseas
1121 1396 1287 1458 Mercurium,
1301 1405 1329 1451 ut
1341 1402 1412 1453 malis
1426 1407 1672 1469 par-pari·releram.

1276 1539 1331 1584 256.
1354 1546 1489 1588 lltCERTl.

956 1626 959 1632 ¹
988 1652 1110 1713 Asperum
1120 1650 1202 1702 locum
1216 1651 1297 1704 habeo
1308 1657 1334 1706 et
1342 1655 1495 1718 solitarium,
1508 1659 1629 1722 oviator3

1017 1749 1067 1787 non
1076 1751 1134 1802 ego,
1148 1739 1243 1805 sedqm
1255 1743 1338 1807 posuit
1351 1746 1476 1796 causaest
1489 1747 1672 1801 Archeloelms.

988 1828 1041 1878 tion
1057 1827 1123 1880 enim
1136 1831 1366 1897 montibus-gaudet
1387 1835 1536 1898 Mercurius,
1555 1851 1638 1903 neque
1660 1843 1788 1895 summis·

1018 1915 1063 1966 sed
1075 1917 1153 1983 magn
1163 1919 1249 1981 riis,o
1263 1921 1309 1983 vir,
1320 1922 1467 1975 oblectatur.
1586 1926 1789 1992 [cacuminibus.

986 2003 1153 2059 treheloclrnc
1170 2020 1244 2068 vero,
1258 2009 1349 2075 quippe
1368 2011 1411 2075 qui
1426 2011 1481 2077 ipse
1492 2013 1743 2070 solitudinis-amens
1762 2026 1789 2071 et

1016 2105 1032 2143 ο
1045 2093 1133 2155 viator,
1146 2095 1220 2146 talem
1233 2101 1258 2148 et
1271 2111 1311 2148 me
1324 2102 1545 2166 prope-seposuit.
1561 2103 1787 2171 [mmsis-sarens,

1266 2242 1320 2290 257.
1350 2249 1488 2293 lllcfllt'l'l.

1296 2368 1323 2410 ln
1336 2367 1460 2415 namnum,

984 2487 1021 2536 lix
1031 2484 1100 2550 igne,
1113 2486 1246 2550 οΒοοοΙιο,
1258 2487 1366 2539 seeundo
1379 2501 1438 2541 ecoe
1452 2504 1535 2542 aeneus

1015 2574 1149 2638 apparuisti
1163 2592 1170 2623 ¹.
1184 2576 1366 2639 generationem
1377 2576 1424 2628 tibi
1440 2579 1530 2644 reperit
1541 2583 1628 2646 Myron
1642 2583 1766 2636 alteram⁴

1264 2716 1319 2764 258.
1343 2725 1481 2771 lNCllli'H.

1324 2848 1352 2891 tn
1362 2849 1434 2892 Pena.

983 2948 1109 3014 Dictynae
1118 2951 1192 3002 telem
1204 2966 1245 3004 me
1256 2953 1281 3003 in
1294 2955 1402 3006 sacrario
1418 2956 1656 3009 victimas-adolenti
1670 2961 1738 3012 cres

1015 3052 1113 3090 eneam
1125 3039 1208 3103 posuit
1221 3045 1284 3092 Paua
1295 3043 1459 3109 capripedum.

983 3128 1075 3178 Pellem
1084 3130 1168 3178 antem
1176 3128 1254 3180 habeo
1264 3169 1270 3191 ‚
1281 3131 1423 3196 duplexque
1433 3133 1522 3197 pedum
1533 3149 1565 3185 :e
1578 3137 1678 3187 saxatili
1690 3141 1780 3189 autem

1014 3218 1128 3283 spelunea
1140 3220 1214 3270 tendo
1227 3222 1312 3274 oculos
1325 3224 1449 3289 geminum
1461 3225 1491 3274 ad
1505 3229 1623 3277 montem.

1268 3372 1312 3409 '‘fr‘’
1341 3377 1484 3418 luctans.

982 3478 1073 3542 Lepide
1084 3492 1098 3530 e
1111 3478 1181 3528 Pario
1193 3490 1233 3526 me
1247 3477 1308 3526 urbe
1322 3476 1347 3528 in
1363 3492 1461 3529 summa
1473 3479 1579 3530 Palladis

1012 3568 1147 3630 posuemnt
1157 3563 1319 3614 Athenienses
1332 3567 1397 3615 Pana
1408 3568 1651 3630 tropaea-gerentem.

1262 3698 1315 3743 260.
1340 3706 1477 3747 auctari.

981 3813 1006 3863 Si
1018 3812 1130 3862 adolere
1144 3814 1169 3862 te
1180 3810 1283 3874 Priapus
1296 3809 1381 3859 videro
1395 3823 1470 3874 prope
1482 3810 1585 3873 vestigia
1598 3816 1754 3878 ponentem,

1012 3973 1095 4038 Qualis
1108 3983 1173 4034 erat,
1189 3973 1241 4021 talis
1251 3972 1307 4022 iecit
1317 3980 1342 4021 et
1353 3974 1403 4038 ipse
1414 3973 1498 4022 iorem.

1257 4074 1313 4133 257.
1334 4076 1370 4120 De
1385 4071 1489 4123 nancte.

977 4178 1013 4225 Ex
1026 4174 1085 4238 igni,
1098 4178 1198 4234 Lenaee,
1209 4190 1283 4223 novos
1296 4173 1340 4222 tibi
1356 4173 1457 4239 prebuit
1471 4184 1552 4237 ostiu,

1010 4256 1120 4308 atomis>
1133 4274 1187 4306 cnm
1200 4267 1223 4306 te
1235 4258 1292 4308 lecit
1304 4258 1328 4307 in
1341 4274 1402 4320 rere,
1412 4261 1510 4324 Myron.

1268 4368 1326 4416 258.
1346 4371 1381 4415 De
1393 4369 1469 4415 Pane.

977 4472 1134 4538 Gapripedem
1147 4490 1185 4522 me
1195 4478 1258 4523 Pana
1268 4511 1275 4535 ‚
1287 4473 1366 4522 celent
1377 4473 1418 4522 ubi
1430 4473 1520 4539 templa
1531 4472 1618 4522 lemeis

1009 4557 1149 4623 Dictynnae,
1164 4557 1243 4622 posuit
1256 4557 1333 4606 cretis
1347 4556 1371 4604 in
1381 4572 1428 4604 rere
1439 4571 1530 4605 manus.

977 4641 1074 4691 rettirus
1086 4640 1146 4707 pedu
1155 4640 1213 4691 bina
1224 4657 1295 4689 ιιιιιιιιι
1311 4640 1374 4696 iero,
1392 4641 1470 4706 deque
1481 4656 1582 4690 caverna
1594 4677 1601 4701 ,

1009 4726 1063 4789 Qua
1077 4734 1152 4790 tegor,
1163 4724 1188 4772 in
1202 4735 1295 4774 montes
1309 4725 1399 4775 lumina
1409 4724 1479 4775 mitto
1491 4725 1558 4775 duos.

1258 4827 1317 4888 259.
1338 4829 1372 4874 oe
1385 4823 1475 4876 eodem.

977 4929 1039 4972 Arne
1051 4924 1075 4972 in
1090 4923 1194 4973 Palladia
1210 4940 1248 4972 me
1259 4928 1323 4974 Pana
1337 4934 1426 4991 tropea
1439 4923 1557 4973 serentem

1011 5008 1091 5057 Attica
1102 5023 1159 5072 gena
1173 5008 1252 5074 posuit
1266 5024 1386 5058 nrnrmore
1399 5010 1428 5058 de
1442 5008 1520 5059 Pario.

1253 5125 1311 5167 ndo.
1329 5122 1367 5168 De
1382 5119 1479 5187 Priapo.

975 5231 1000 5282 Si
1014 5241 1038 5281 te
1048 5240 1150 5299 propter
1160 5232 1213 5281 olus
1224 5229 1323 5297 antipa
1333 5231 1396 5282 ferre
1407 5231 1506 5301 Priapus
