<?xml version="1.0" encoding="UTF-8"?>
<!DOCTYPE html PUBLIC "-//W3C//DTD XHTML 1.0 Transitional//EN"
    "http://www.w3.org/TR/xhtml1/DTD/xhtml1-transitional.dtd">
<html xmlns="http://www.w3.org/1999/xhtml" xml:lang="en" lang="en">
 <head>
  <title>
</title>
<meta http-equiv="Content-Type" content="text/html;charset=utf-8" />
  <meta name='ocr-system' content='tesseract 3.04.00' />
  <meta name='ocr-capabilities' content='ocr_page ocr_carea ocr_par ocr_line ocrx_word'/>
</head>
<body>
  <div class='ocr_page' id='page_1' title='image "./epigrammatumant01plangoog/epigrammatumant01plangoog_0653.png"; bbox 0 0 3810 5910; ppageno 0'>
   <div class='ocr_carea' id='block_1_1' title="bbox 141 1546 313 1607">
    <p class='ocr_par' dir='ltr' id='par_1_1' title="bbox 141 1546 313 1607">
     <span class='ocr_line' id='line_1_1' title="bbox 141 1546 313 1607; baseline 0.006 -12"><span class='ocrx_word' id='word_1_1' title='bbox 141 1588 144 1595; x_wconf 90' lang='lat'>.</span> <span class='ocrx_word' id='word_1_2' title='bbox 223 1546 313 1607; x_wconf 67' lang='lat' dir='ltr'>picus:</span> 
     </span>
    </p>
   </div>
   <div class='ocr_carea' id='block_1_2' title="bbox 220 410 278 469">
    <p class='ocr_par' dir='ltr' id='par_1_2' title="bbox 220 410 278 469">
     <span class='ocr_line' id='line_1_2' title="bbox 220 410 278 469; baseline 0.034 -2"><span class='ocrx_word' id='word_1_3' title='bbox 220 410 278 469; x_wconf 78' lang='lat' dir='ltr'>llll</span> 
     </span>
    </p>
   </div>
   <div class='ocr_carea' id='block_1_3' title="bbox 144 540 1010 1382">
    <p class='ocr_par' dir='ltr' id='par_1_3' title="bbox 144 540 1010 1382">
     <span class='ocr_line' id='line_1_3' title="bbox 219 540 1007 606; baseline -0.005 -16"><span class='ocrx_word' id='word_1_4' title='bbox 219 554 273 606; x_wconf 71' lang='lat' dir='ltr'>pse</span> <span class='ocrx_word' id='word_1_5' title='bbox 296 541 418 596; x_wconf 66' lang='lat' dir='ltr'>familias</span> <span class='ocrx_word' id='word_1_6' title='bbox 439 541 488 592; x_wconf 82' lang='lat' dir='ltr'>dits</span> <span class='ocrx_word' id='word_1_7' title='bbox 510 541 733 605; x_wconf 58' lang='lat' dir='ltr'>mirificentiam,</span> <span class='ocrx_word' id='word_1_8' title='bbox 756 540 790 591; x_wconf 82' lang='lat' dir='ltr'>ob</span> <span class='ocrx_word' id='word_1_9' title='bbox 812 543 924 602; x_wconf 72' lang='lat' dir='ltr'>atroque</span> <span class='ocrx_word' id='word_1_10' title='bbox 952 540 1007 594; x_wconf 78' lang='lat' dir='ltr'>sor·</span> 
     </span>
     <span class='ocr_line' id='line_1_4' title="bbox 223 609 1009 675; baseline -0.004 -15"><span class='ocrx_word' id='word_1_11' title='bbox 223 611 386 661; x_wconf 71' lang='lat' dir='ltr'>insectatore</span> <span class='ocrx_word' id='word_1_12' title='bbox 399 613 523 675; x_wconf 83' lang='lat' dir='ltr'>opposite</span> <span class='ocrx_word' id='word_1_13' title='bbox 536 609 619 674; x_wconf 77' lang='lat' dir='ltr'>scisse</span> <span class='ocrx_word' id='word_1_14' title='bbox 632 622 746 660; x_wconf 84' lang='lat' dir='ltr'>nranera</span> <span class='ocrx_word' id='word_1_15' title='bbox 758 610 808 660; x_wconf 82' lang='lat' dir='ltr'>dits</span> <span class='ocrx_word' id='word_1_16' title='bbox 817 609 908 659; x_wconf 81' lang='lat' dir='ltr'>oblata</span> <span class='ocrx_word' id='word_1_17' title='bbox 920 622 939 657; x_wconf 86' lang='grc' dir='ltr'><em>α</em></span> <span class='ocrx_word' id='word_1_18' title='bbox 951 622 1009 657; x_wconf 86' lang='lat' dir='ltr'>ma·</span> 
     </span>
     <span class='ocr_line' id='line_1_5' title="bbox 194 679 1006 746; baseline -0.004 -15"><span class='ocrx_word' id='word_1_19' title='bbox 194 712 200 724; x_wconf 86' lang='lat'>·</span> <span class='ocrx_word' id='word_1_20' title='bbox 220 679 398 746; x_wconf 73' lang='lat' dir='ltr'>lierllnsqnae</span> <span class='ocrx_word' id='word_1_21' title='bbox 409 693 517 743; x_wconf 86' lang='lat' dir='ltr'>corpore</span> <span class='ocrx_word' id='word_1_22' title='bbox 526 685 652 745; x_wconf 70' lang='lat' dir='ltr'>punctim</span> <span class='ocrx_word' id='word_1_23' title='bbox 668 679 912 742; x_wconf 62' lang='lat' dir='ltr'>[consentirem</span> <span class='ocrx_word' id='word_1_24' title='bbox 925 692 1006 728; x_wconf 84' lang='lat' dir='ltr'>axem·</span> 
     </span>
     <span class='ocr_line' id='line_1_6' title="bbox 220 747 1007 814; baseline -0.006 -13"><span class='ocrx_word' id='word_1_25' title='bbox 220 749 268 814; x_wconf 87' lang='lat' dir='ltr'>plis</span> <span class='ocrx_word' id='word_1_26' title='bbox 283 751 372 801; x_wconf 75' lang='lat' dir='ltr'><strong>statuit</strong></span> <span class='ocrx_word' id='word_1_27' title='bbox 381 750 406 801; x_wconf 93' lang='lat' dir='ltr'>in</span> <span class='ocrx_word' id='word_1_28' title='bbox 415 750 515 814; x_wconf 88' lang='lat' dir='ltr'>templis</span> <span class='ocrx_word' id='word_1_29' title='bbox 526 750 627 800; x_wconf 88' lang='lat' dir='ltr'>donaria</span> <span class='ocrx_word' id='word_1_30' title='bbox 636 749 761 799; x_wconf 77' lang='lat' dir='ltr'>exstitisse</span> <span class='ocrx_word' id='word_1_31' title='bbox 774 749 865 812; x_wconf 84' lang='lat' dir='ltr'>saepius</span> <span class='ocrx_word' id='word_1_32' title='bbox 876 747 1007 798; x_wconf 79' lang='lat' dir='ltr'>mulierum</span> 
     </span>
     <span class='ocr_line' id='line_1_7' title="bbox 221 819 1010 885; baseline -0.001 -17"><span class='ocrx_word' id='word_1_33' title='bbox 221 819 284 870; x_wconf 85' lang='lat' dir='ltr'>lucri</span> <span class='ocrx_word' id='word_1_34' title='bbox 301 821 350 871; x_wconf 89' lang='lat' dir='ltr'>isto</span> <span class='ocrx_word' id='word_1_35' title='bbox 370 821 445 871; x_wconf 82' lang='lat' dir='ltr'>modo</span> <span class='ocrx_word' id='word_1_36' title='bbox 458 822 515 870; x_wconf 87' lang='lat' dir='ltr'>lacti</span> <span class='ocrx_word' id='word_1_37' title='bbox 531 825 625 885; x_wconf 91' lang='lat' dir='ltr'>partem</span> <span class='ocrx_word' id='word_1_38' title='bbox 643 820 808 872; x_wconf 76' lang='lat' dir='ltr'>dedicantium</span> <span class='ocrx_word' id='word_1_39' title='bbox 831 822 920 883; x_wconf 86' lang='lat' dir='ltr'>:patet</span> <span class='ocrx_word' id='word_1_40' title='bbox 936 819 1010 880; x_wconf 84' lang='lat' dir='ltr'>igitur</span> 
     </span>
     <span class='ocr_line' id='line_1_8' title="bbox 220 889 1009 956; baseline -0.009 -9"><span class='ocrx_word' id='word_1_41' title='bbox 220 905 321 954; x_wconf 72' lang='lat' dir='ltr'>sensusr</span> <span class='ocrx_word' id='word_1_42' title='bbox 335 892 419 946; x_wconf 80' lang='lat' dir='ltr'>canas</span> <span class='ocrx_word' id='word_1_43' title='bbox 429 905 516 956; x_wconf 87' lang='lat' dir='ltr'>nempe</span> <span class='ocrx_word' id='word_1_44' title='bbox 526 892 617 955; x_wconf 78' lang='lat' dir='ltr'>efligies</span> <span class='ocrx_word' id='word_1_45' title='bbox 629 893 726 943; x_wconf 80' lang='lat' dir='ltr'>salvere</span> <span class='ocrx_word' id='word_1_46' title='bbox 736 891 846 956; x_wconf 86' lang='lat' dir='ltr'>jubetur,</span> <span class='ocrx_word' id='word_1_47' title='bbox 859 894 888 940; x_wconf 90' lang='lat' dir='ltr'>nl</span> <span class='ocrx_word' id='word_1_48' title='bbox 899 889 1009 940; x_wconf 87' lang='lat' dir='ltr'>mulieris</span> 
     </span>
     <span class='ocr_line' id='line_1_9' title="bbox 221 962 1009 1027; baseline -0.001 -14"><span class='ocrx_word' id='word_1_49' title='bbox 221 963 401 1015; x_wconf 78' lang='lat' dir='ltr'>venustissimae</span> <span class='ocrx_word' id='word_1_50' title='bbox 416 964 527 1027; x_wconf 86' lang='lat' dir='ltr'>ejusdem</span> <span class='ocrx_word' id='word_1_51' title='bbox 550 968 576 1014; x_wconf 92' lang='lat' dir='ltr'>et</span> <span class='ocrx_word' id='word_1_52' title='bbox 597 963 785 1014; x_wconf 82' lang='lat' dir='ltr'>honestissimae.</span> <span class='ocrx_word' id='word_1_53' title='bbox 811 962 902 1014; x_wconf 77' lang='lat' dir='ltr'>murra</span> <span class='ocrx_word' id='word_1_54' title='bbox 924 963 1009 1013; x_wconf 75' lang='lat' dir='ltr'>noscis</span> 
     </span>
     <span class='ocr_line' id='line_1_10' title="bbox 221 1033 1008 1100; baseline -0.003 -14"><span class='ocrx_word' id='word_1_55' title='bbox 221 1033 307 1086; x_wconf 68' lang='lat' dir='ltr'>mdom</span> <span class='ocrx_word' id='word_1_56' title='bbox 330 1036 356 1085; x_wconf 94' lang='lat' dir='ltr'>in</span> <span class='ocrx_word' id='word_1_57' title='bbox 370 1037 545 1100; x_wconf 73' lang='lat' dir='ltr'>epigrammate</span> <span class='ocrx_word' id='word_1_58' title='bbox 561 1036 648 1087; x_wconf 75' lang='lat' dir='ltr'>sinitis</span> <span class='ocrx_word' id='word_1_59' title='bbox 662 1034 807 1098; x_wconf 77' lang='lat' dir='ltr'>argumenti,</span> <span class='ocrx_word' id='word_1_60' title='bbox 825 1047 901 1100; x_wconf 88' lang='lat' dir='ltr'>snpra</span> <span class='ocrx_word' id='word_1_61' title='bbox 917 1049 941 1085; x_wconf 85' lang='lat' dir='ltr'>n.</span> <span class='ocrx_word' id='word_1_62' title='bbox 952 1038 1008 1094; x_wconf 78' lang='lat'><strong>³3²,</strong></span> 
     </span>
     <span class='ocr_line' id='line_1_11' title="bbox 222 1104 1006 1170; baseline -0.001 -15"><span class='ocrx_word' id='word_1_63' title='bbox 222 1105 369 1169; x_wconf 77' lang='lat' dir='ltr'>Polyarchin</span> <span class='ocrx_word' id='word_1_64' title='bbox 380 1106 536 1167; x_wconf 72' lang='lat' dir='ltr'>meretricem</span> <span class='ocrx_word' id='word_1_65' title='bbox 546 1107 622 1158; x_wconf 86' lang='lat' dir='ltr'>luisse</span> <span class='ocrx_word' id='word_1_66' title='bbox 634 1104 775 1157; x_wconf 84' lang='lat' dir='ltr'>confitetur.</span> <span class='ocrx_word' id='word_1_67' title='bbox 792 1109 873 1156; x_wconf 82' lang='lat' dir='ltr'>versa</span> <span class='ocrx_word' id='word_1_68' title='bbox 889 1111 1006 1170; x_wconf 66' lang='lat' dir='ltr'>amspe-</span> 
     </span>
     <span class='ocr_line' id='line_1_12' title="bbox 223 1175 1008 1242; baseline -0.001 -17"><span class='ocrx_word' id='word_1_69' title='bbox 223 1178 282 1237; x_wconf 81' lang='grc' dir='ltr'>μένοι</span> <span class='ocrx_word' id='word_1_70' title='bbox 295 1175 331 1226; x_wconf 90' lang='lat' dir='ltr'>sic</span> <span class='ocrx_word' id='word_1_71' title='bbox 342 1176 463 1242; x_wconf 85' lang='lat' dir='ltr'>intellige,</span> <span class='ocrx_word' id='word_1_72' title='bbox 476 1177 604 1229; x_wconf 88' lang='lat' dir='ltr'>mulierem</span> <span class='ocrx_word' id='word_1_73' title='bbox 620 1191 675 1226; x_wconf 89' lang='lat' dir='ltr'>cam</span> <span class='ocrx_word' id='word_1_74' title='bbox 687 1189 760 1225; x_wconf 87' lang='lat' dir='ltr'>suam</span> <span class='ocrx_word' id='word_1_75' title='bbox 773 1176 851 1238; x_wconf 89' lang='lat' dir='ltr'>ipsius</span> <span class='ocrx_word' id='word_1_76' title='bbox 864 1176 1008 1239; x_wconf 79' lang='lat' dir='ltr'>imaginem,</span> 
     </span>
     <span class='ocr_line' id='line_1_13' title="bbox 144 1246 1009 1370; baseline -0.005 -71"><span class='ocrx_word' id='word_1_77' title='bbox 144 1306 157 1330; x_wconf 35' lang='grc' dir='ltr'>ἱ</span> <span class='ocrx_word' id='word_1_78' title='bbox 222 1246 1009 1370; x_wconf 24' lang='grc' dir='ltr'>ιιωιιίῗξιιιι,ιι1ῧ1ἷιῗιιεςξῖἰασοινῑὲεοῦ.οιιιιιὲιὲιὲᾱιοίωιὲιιὲἰιοιιι)</span> 
     </span>
     <span class='ocr_line' id='line_1_14' title="bbox 225 1331 945 1382; baseline -0.004 -13"><span class='ocrx_word' id='word_1_79' title='bbox 225 1332 310 1370; x_wconf 86' lang='lat' dir='ltr'>correo</span> <span class='ocrx_word' id='word_1_80' title='bbox 330 1331 384 1369; x_wconf 91' lang='lat' dir='ltr'>oes</span> <span class='ocrx_word' id='word_1_81' title='bbox 431 1333 533 1370; x_wconf 86' lang='lat' dir='ltr'>neena</span> <span class='ocrx_word' id='word_1_82' title='bbox 576 1333 601 1368; x_wconf 91' lang='lat' dir='ltr'>m</span> <span class='ocrx_word' id='word_1_83' title='bbox 650 1332 755 1382; x_wconf 89' lang='lat' dir='ltr'>eocr.p.</span> <span class='ocrx_word' id='word_1_84' title='bbox 827 1331 945 1367; x_wconf 87' lang='lat' dir='ltr'>e.er.</span> 
     </span>
    </p>
   </div>
   <div class='ocr_carea' id='block_1_4' title="bbox 253 1472 1009 1526">
    <p class='ocr_par' dir='ltr' id='par_1_4' title="bbox 253 1472 1009 1526">
     <span class='ocr_line' id='line_1_15' title="bbox 253 1472 1009 1526; baseline -0.005 -2"><span class='ocrx_word' id='word_1_85' title='bbox 253 1475 351 1524; x_wconf 70' lang='lat' dir='ltr'>cnt’.</span> <span class='ocrx_word' id='word_1_86' title='bbox 366 1474 410 1522; x_wconf 71' lang='lat' dir='ltr'>x.</span> <span class='ocrx_word' id='word_1_87' title='bbox 425 1501 456 1511; x_wconf 97' lang='lat'>-</span> <span class='ocrx_word' id='word_1_88' title='bbox 466 1476 612 1526; x_wconf 76' lang='grc'><strong>11111111·-</strong></span> <span class='ocrx_word' id='word_1_89' title='bbox 624 1477 733 1525; x_wconf 64' lang='lat' dir='ltr'>miletus</span> <span class='ocrx_word' id='word_1_90' title='bbox 745 1472 841 1522; x_wconf 85' lang='lat' dir='ltr'>Semini</span> <span class='ocrx_word' id='word_1_91' title='bbox 852 1485 939 1521; x_wconf 75' lang='lat' dir='ltr'>versus</span> <span class='ocrx_word' id='word_1_92' title='bbox 956 1474 1009 1522; x_wconf 88' lang='lat' dir='ltr'>tra-</span> 
     </span>
    </p>
   </div>
   <div class='ocr_carea' id='block_1_5' title="bbox 280 1682 922 1740">
    <p class='ocr_par' dir='ltr' id='par_1_5' title="bbox 280 1682 922 1740">
     <span class='ocr_line' id='line_1_16' title="bbox 280 1682 922 1740; baseline -0.005 -11"><span class='ocrx_word' id='word_1_93' title='bbox 280 1686 373 1738; x_wconf 75' lang='lat' dir='ltr'>Qn&#39;nne</span> <span class='ocrx_word' id='word_1_94' title='bbox 382 1684 434 1728; x_wconf 91' lang='lat' dir='ltr'>nnlt</span> <span class='ocrx_word' id='word_1_95' title='bbox 441 1685 513 1740; x_wconf 83' lang='lat' dir='ltr'>parali</span> <span class='ocrx_word' id='word_1_96' title='bbox 524 1685 632 1739; x_wconf 79' lang='lat' dir='ltr'>longnei</span> <span class='ocrx_word' id='word_1_97' title='bbox 642 1683 663 1727; x_wconf 83' lang='lat' dir='ltr'>la</span> <span class='ocrx_word' id='word_1_98' title='bbox 675 1682 775 1728; x_wconf 86' lang='lat' dir='ltr'>douleur</span> <span class='ocrx_word' id='word_1_99' title='bbox 786 1682 827 1740; x_wconf 86' lang='lat' dir='ltr'>qnl</span> <span class='ocrx_word' id='word_1_100' title='bbox 840 1683 922 1728; x_wconf 77' lang='lat' dir='ltr'>seille!</span> 
     </span>
    </p>
   </div>
   <div class='ocr_carea' id='block_1_6' title="bbox 226 1817 1008 1939">
    <p class='ocr_par' dir='ltr' id='par_1_6' title="bbox 226 1817 1008 1939">
     <span class='ocr_line' id='line_1_17' title="bbox 255 1817 1008 1939; baseline 0.001 -72"><span class='ocrx_word' id='word_1_101' title='bbox 255 1820 372 1939; x_wconf 33' lang='lat' dir='ltr'>altili.</span> <span class='ocrx_word' id='word_1_102' title='bbox 386 1845 415 1855; x_wconf 88' lang='lat'>—</span> <span class='ocrx_word' id='word_1_103' title='bbox 428 1820 458 1868; x_wconf 87' lang='lat' dir='ltr'>H.</span> <span class='ocrx_word' id='word_1_104' title='bbox 471 1817 607 1881; x_wconf 86' lang='lat' dir='ltr'>stephanus</span> <span class='ocrx_word' id='word_1_105' title='bbox 621 1817 720 1868; x_wconf 80' lang='lat' dir='ltr'>tlntlrol.</span> <span class='ocrx_word' id='word_1_106' title='bbox 732 1817 782 1869; x_wconf 86' lang='lat' dir='ltr'>Sel.</span> <span class='ocrx_word' id='word_1_107' title='bbox 791 1831 818 1882; x_wconf 90' lang='lat' dir='ltr'>p.</span> <span class='ocrx_word' id='word_1_108' title='bbox 832 1823 863 1869; x_wconf 81' lang='lat'>68</span> <span class='ocrx_word' id='word_1_109' title='bbox 873 1819 899 1869; x_wconf 90' lang='lat' dir='ltr'>et</span> <span class='ocrx_word' id='word_1_110' title='bbox 911 1822 955 1869; x_wconf 81' lang='lat'>269</span> <span class='ocrx_word' id='word_1_111' title='bbox 971 1818 1008 1868; x_wconf 90' lang='lat' dir='ltr'>sic</span> 
     </span>
     <span class='ocr_line' id='line_1_18' title="bbox 226 1902 318 1939; baseline 0 -1"><span class='ocrx_word' id='word_1_112' title='bbox 226 1902 255 1939; x_wconf 85' lang='lat' dir='ltr'>se</span> <span class='ocrx_word' id='word_1_113' title='bbox 280 1905 287 1938; x_wconf 93' lang='grc' dir='ltr'>ι</span> <span class='ocrx_word' id='word_1_114' title='bbox 312 1909 318 1938; x_wconf 88' lang='lat'>:</span> 
     </span>
    </p>
   </div>
   <div class='ocr_carea' id='block_1_7' title="bbox 279 2009 849 2128">
    <p class='ocr_par' dir='ltr' id='par_1_7' title="bbox 279 2009 849 2128">
     <span class='ocr_line' id='line_1_19' title="bbox 279 2009 849 2065; baseline 0 -11"><span class='ocrx_word' id='word_1_115' title='bbox 279 2009 357 2054; x_wconf 62' lang='lat' dir='ltr'>&amp;atla</span> <span class='ocrx_word' id='word_1_116' title='bbox 368 2010 455 2065; x_wconf 81' lang='lat' dir='ltr'>gratior</span> <span class='ocrx_word' id='word_1_117' title='bbox 465 2013 499 2054; x_wconf 84' lang='lat' dir='ltr'>est</span> <span class='ocrx_word' id='word_1_118' title='bbox 509 2020 632 2065; x_wconf 83' lang='lat' dir='ltr'>properans</span> <span class='ocrx_word' id='word_1_119' title='bbox 644 2021 650 2051; x_wconf 77' lang='grc' dir='ltr'>ι</span> <span class='ocrx_word' id='word_1_120' title='bbox 660 2013 683 2054; x_wconf 87' lang='lat' dir='ltr'>at</span> <span class='ocrx_word' id='word_1_121' title='bbox 695 2009 766 2065; x_wconf 80' lang='lat' dir='ltr'>gratia</span> <span class='ocrx_word' id='word_1_122' title='bbox 777 2010 849 2061; x_wconf 83' lang='lat' dir='ltr'>tnrde.</span> 
     </span>
     <span class='ocr_line' id='line_1_20' title="bbox 309 2070 789 2128; baseline 0.004 -14"><span class='ocrx_word' id='word_1_123' title='bbox 309 2075 370 2117; x_wconf 82' lang='lat' dir='ltr'>vana</span> <span class='ocrx_word' id='word_1_124' title='bbox 379 2076 421 2125; x_wconf 86' lang='lat' dir='ltr'>est,</span> <span class='ocrx_word' id='word_1_125' title='bbox 438 2081 480 2116; x_wconf 87' lang='lat' dir='ltr'>neo</span> <span class='ocrx_word' id='word_1_126' title='bbox 495 2070 541 2116; x_wconf 88' lang='lat' dir='ltr'>dici</span> <span class='ocrx_word' id='word_1_127' title='bbox 554 2073 628 2127; x_wconf 85' lang='lat' dir='ltr'>gratis</span> <span class='ocrx_word' id='word_1_128' title='bbox 640 2073 693 2125; x_wconf 81' lang='lat' dir='ltr'>lare</span> <span class='ocrx_word' id='word_1_129' title='bbox 708 2074 789 2128; x_wconf 84' lang='lat' dir='ltr'>potest.</span> 
     </span>
    </p>
   </div>
   <div class='ocr_carea' id='block_1_8' title="bbox 266 2179 928 2235">
    <p class='ocr_par' dir='ltr' id='par_1_8' title="bbox 266 2179 928 2235">
     <span class='ocr_line' id='line_1_21' title="bbox 266 2179 928 2235; baseline 0 -5"><span class='ocrx_word' id='word_1_130' title='bbox 266 2208 288 2230; x_wconf 85' lang='lat'>.-</span> <span class='ocrx_word' id='word_1_131' title='bbox 303 2179 410 2229; x_wconf 86' lang='lat' dir='ltr'>xllltlll.</span> <span class='ocrx_word' id='word_1_132' title='bbox 420 2203 452 2216; x_wconf 89' lang='lat'>-</span> <span class='ocrx_word' id='word_1_133' title='bbox 463 2179 595 2235; x_wconf 70' lang='lat' dir='ltr'>sententie</span> <span class='ocrx_word' id='word_1_134' title='bbox 610 2180 738 2231; x_wconf 81' lang='lat' dir='ltr'>Menandri</span> <span class='ocrx_word' id='word_1_135' title='bbox 750 2180 928 2230; x_wconf 71' lang='lat' dir='ltr'>monostichis:</span> 
     </span>
    </p>
   </div>
   <div class='ocr_carea' id='block_1_9' title="bbox 291 2307 787 2444">
    <p class='ocr_par' dir='ltr' id='par_1_9' title="bbox 291 2307 787 2444">
     <span class='ocr_line' id='line_1_22' title="bbox 292 2307 782 2370; baseline 0.006 -14"><span class='ocrx_word' id='word_1_136' title='bbox 292 2307 344 2356; x_wconf 73' lang='lat' dir='ltr'>(iria</span> <span class='ocrx_word' id='word_1_137' title='bbox 360 2308 500 2358; x_wconf 66' lang='lat' dir='ltr'>terrestrem</span> <span class='ocrx_word' id='word_1_138' title='bbox 514 2314 594 2370; x_wconf 78' lang='grc' dir='ltr'><strong>κτῆμα</strong></span> <span class='ocrx_word' id='word_1_139' title='bbox 602 2309 698 2360; x_wconf 73' lang='grc' dir='ltr'>κάλλιον</span> <span class='ocrx_word' id='word_1_140' title='bbox 709 2312 782 2370; x_wconf 79' lang='grc' dir='ltr'>φίλου.</span> 
     </span>
     <span class='ocr_line' id='line_1_23' title="bbox 291 2379 787 2444; baseline 0.006 -15"><span class='ocrx_word' id='word_1_141' title='bbox 291 2379 378 2434; x_wconf 65' lang='lat' dir='ltr'>Olina:</span> <span class='ocrx_word' id='word_1_142' title='bbox 392 2381 468 2441; x_wconf 77' lang='grc' dir='ltr'>ἔχοιι,</span> <span class='ocrx_word' id='word_1_143' title='bbox 483 2380 561 2441; x_wconf 75' lang='grc' dir='ltr'>νόμιζε</span> <span class='ocrx_word' id='word_1_144' title='bbox 574 2381 705 2442; x_wconf 76' lang='grc' dir='ltr'>θησαυροὺς</span> <span class='ocrx_word' id='word_1_145' title='bbox 716 2384 787 2444; x_wconf 74' lang='grc' dir='ltr'>ἔχειν.</span> 
     </span>
    </p>
   </div>
   <div class='ocr_carea' id='block_1_10' title="bbox 229 2517 637 2582">
    <p class='ocr_par' dir='ltr' id='par_1_10' title="bbox 229 2517 637 2582">
     <span class='ocr_line' id='line_1_24' title="bbox 229 2517 637 2582; baseline -0.002 -13"><span class='ocrx_word' id='word_1_146' title='bbox 229 2517 296 2569; x_wconf 76' lang='lat' dir='ltr'>telem</span> <span class='ocrx_word' id='word_1_147' title='bbox 307 2519 332 2567; x_wconf 91' lang='lat' dir='ltr'>in</span> <span class='ocrx_word' id='word_1_148' title='bbox 348 2519 454 2582; x_wconf 77' lang='lat' dir='ltr'>Dyscolo</span> <span class='ocrx_word' id='word_1_149' title='bbox 466 2518 496 2568; x_wconf 89' lang='lat' dir='ltr'>tr.</span> <span class='ocrx_word' id='word_1_150' title='bbox 513 2524 534 2582; x_wconf 90' lang='lat' dir='ltr'>t,</span> <span class='ocrx_word' id='word_1_151' title='bbox 547 2532 573 2569; x_wconf 85' lang='grc' dir='ltr'>ι.</span> <span class='ocrx_word' id='word_1_152' title='bbox 588 2524 616 2569; x_wconf 82' lang='lat'>15</span> <span class='ocrx_word' id='word_1_153' title='bbox 631 2539 637 2568; x_wconf 94' lang='lat'>.·</span> 
     </span>
    </p>
   </div>
   <div class='ocr_carea' id='block_1_11' title="bbox 293 2659 828 2797">
    <p class='ocr_par' dir='ltr' id='par_1_11' title="bbox 293 2659 828 2797">
     <span class='ocr_line' id='line_1_25' title="bbox 293 2659 804 2723; baseline -0.004 -12"><span class='ocrx_word' id='word_1_154' title='bbox 293 2661 379 2722; x_wconf 79' lang='grc' dir='ltr'>Πολλῷ</span> <span class='ocrx_word' id='word_1_155' title='bbox 390 2662 415 2709; x_wconf 78' lang='lat' dir='ltr'>el</span> <span class='ocrx_word' id='word_1_156' title='bbox 428 2659 533 2721; x_wconf 75' lang='grc' dir='ltr'>κρεῖττόν</span> <span class='ocrx_word' id='word_1_157' title='bbox 547 2660 611 2708; x_wconf 74' lang='grc' dir='ltr'>ἐστιν</span> <span class='ocrx_word' id='word_1_158' title='bbox 624 2662 725 2723; x_wconf 78' lang='grc' dir='ltr'>ἐμφανὴς</span> <span class='ocrx_word' id='word_1_159' title='bbox 741 2662 804 2721; x_wconf 79' lang='grc' dir='ltr'>φίλος</span> 
     </span>
     <span class='ocr_line' id='line_1_26' title="bbox 294 2730 828 2797; baseline 0.004 -18"><span class='ocrx_word' id='word_1_160' title='bbox 294 2736 309 2790; x_wconf 83' lang='grc' dir='ltr'>ἢ</span> <span class='ocrx_word' id='word_1_161' title='bbox 323 2733 423 2786; x_wconf 70' lang='grc' dir='ltr'>πλοῦτος</span> <span class='ocrx_word' id='word_1_162' title='bbox 434 2730 535 2790; x_wconf 69' lang='grc' dir='ltr'>ἀφανὴς,</span> <span class='ocrx_word' id='word_1_163' title='bbox 546 2731 572 2778; x_wconf 77' lang='grc' dir='ltr'>ὃν</span> <span class='ocrx_word' id='word_1_164' title='bbox 587 2736 617 2780; x_wconf 72' lang='grc' dir='ltr'>οὺ</span> <span class='ocrx_word' id='word_1_165' title='bbox 629 2733 756 2795; x_wconf 72' lang='grc' dir='ltr'>κατορύξας</span> <span class='ocrx_word' id='word_1_166' title='bbox 767 2732 828 2797; x_wconf 56' lang='lat' dir='ltr'>lpas(</span> 
     </span>
    </p>
   </div>
   <div class='ocr_carea' id='block_1_12' title="bbox 231 2888 1012 3234">
    <p class='ocr_par' dir='ltr' id='par_1_12' title="bbox 231 2888 1012 3234">
     <span class='ocr_line' id='line_1_27' title="bbox 261 2888 1012 2955; baseline 0.011 -18"><span class='ocrx_word' id='word_1_167' title='bbox 261 2889 359 2938; x_wconf 74' lang='grc' dir='ltr'><strong>(ᾺΡ.</strong></span> <span class='ocrx_word' id='word_1_168' title='bbox 374 2889 434 2937; x_wconf 74' lang='lat' dir='ltr'>xl.</span> <span class='ocrx_word' id='word_1_169' title='bbox 455 2914 485 2924; x_wconf 95' lang='lat'><em>-</em></span> <span class='ocrx_word' id='word_1_170' title='bbox 499 2888 589 2940; x_wconf 77' lang='grc'><strong>00111.</strong></span> <span class='ocrx_word' id='word_1_171' title='bbox 603 2915 631 2925; x_wconf 91' lang='grc'>-</span> <span class='ocrx_word' id='word_1_172' title='bbox 647 2889 771 2940; x_wconf 78' lang='lat' dir='ltr'>Hierocles</span> <span class='ocrx_word' id='word_1_173' title='bbox 789 2892 923 2955; x_wconf 71' lang='grc' dir='ltr'>Φιλὸγιλῳ,</span> <span class='ocrx_word' id='word_1_174' title='bbox 939 2892 953 2955; x_wconf 87' lang='lat'>§</span> <span class='ocrx_word' id='word_1_175' title='bbox 967 2899 1012 2945; x_wconf 77' lang='lat'>234</span> 
     </span>
     <span class='ocr_line' id='line_1_28' title="bbox 231 2957 1011 3024; baseline 0.003 -16"><span class='ocrx_word' id='word_1_176' title='bbox 231 2958 239 3022; x_wconf 88' lang='lat'>(</span> <span class='ocrx_word' id='word_1_177' title='bbox 247 2973 273 3023; x_wconf 88' lang='lat' dir='ltr'>p.</span> <span class='ocrx_word' id='word_1_178' title='bbox 289 2963 336 3008; x_wconf 76' lang='lat'>315</span> <span class='ocrx_word' id='word_1_179' title='bbox 356 2958 434 3010; x_wconf 81' lang='lat' dir='ltr'>Boiss.</span> <span class='ocrx_word' id='word_1_180' title='bbox 445 2957 453 3020; x_wconf 88' lang='lat'>)</span> <span class='ocrx_word' id='word_1_181' title='bbox 466 2974 473 3006; x_wconf 80' lang='grc' dir='ltr'>ι</span> <span class='ocrx_word' id='word_1_182' title='bbox 485 2959 629 3022; x_wconf 73' lang='grc' dir='ltr'>Ὀζὸστομος</span> <span class='ocrx_word' id='word_1_183' title='bbox 647 2961 689 3019; x_wconf 83' lang='grc' dir='ltr'>τήν</span> <span class='ocrx_word' id='word_1_184' title='bbox 705 2966 809 3022; x_wconf 75' lang='grc' dir='ltr'><strong>γυναῖκα</strong></span> <span class='ocrx_word' id='word_1_185' title='bbox 822 2963 912 3024; x_wconf 80' lang='grc' dir='ltr'><strong>ἠρώτα,</strong></span> <span class='ocrx_word' id='word_1_186' title='bbox 927 2962 1011 3022; x_wconf 64' lang='grc' dir='ltr'><strong>λέγων·</strong></span> 
     </span>
     <span class='ocr_line' id='line_1_29' title="bbox 232 3029 1012 3095; baseline 0.004 -16"><span class='ocrx_word' id='word_1_187' title='bbox 232 3049 244 3072; x_wconf 72' lang='lat' dir='ltr'>a</span> <span class='ocrx_word' id='word_1_188' title='bbox 264 3031 349 3092; x_wconf 73' lang='lat' dir='ltr'>Kopion,</span> <span class='ocrx_word' id='word_1_189' title='bbox 367 3029 390 3077; x_wconf 80' lang='grc' dir='ltr'>τί</span> <span class='ocrx_word' id='word_1_190' title='bbox 412 3045 441 3090; x_wconf 78' lang='grc' dir='ltr'>με</span> <span class='ocrx_word' id='word_1_191' title='bbox 453 3034 550 3090; x_wconf 57' lang='lat' dir='ltr'>pisctu</span> <span class='ocrx_word' id='word_1_192' title='bbox 572 3049 583 3072; x_wconf 73' lang='lat' dir='ltr'>a</span> <span class='ocrx_word' id='word_1_193' title='bbox 601 3029 704 3088; x_wconf 66' lang='grc' dir='ltr'><strong>Κάκείνη</strong></span> <span class='ocrx_word' id='word_1_194' title='bbox 724 3031 884 3095; x_wconf 75' lang='grc' dir='ltr'>ἀπεκρίνατο,</span> <span class='ocrx_word' id='word_1_195' title='bbox 902 3031 1012 3091; x_wconf 80' lang='grc' dir='ltr'>λέγουσα.</span> 
     </span>
     <span class='ocr_line' id='line_1_30' title="bbox 232 3099 1012 3169; baseline 0.006 -18"><span class='ocrx_word' id='word_1_196' title='bbox 232 3119 243 3140; x_wconf 68' lang='lat'>⁸</span> <span class='ocrx_word' id='word_1_197' title='bbox 256 3101 311 3151; x_wconf 82' lang='lat' dir='ltr'>&#39;On</span> <span class='ocrx_word' id='word_1_198' title='bbox 336 3102 365 3150; x_wconf 80' lang='grc' dir='ltr'>οὐ</span> <span class='ocrx_word' id='word_1_199' title='bbox 380 3115 410 3163; x_wconf 75' lang='grc' dir='ltr'>με</span> <span class='ocrx_word' id='word_1_200' title='bbox 429 3101 511 3164; x_wconf 71' lang='lat' dir='ltr'>paiste.</span> <span class='ocrx_word' id='word_1_201' title='bbox 535 3121 545 3143; x_wconf 77' lang='grc' dir='ltr'><strong>υ</strong></span> <span class='ocrx_word' id='word_1_202' title='bbox 564 3099 610 3151; x_wconf 85' lang='lat' dir='ltr'>ilbi</span> <span class='ocrx_word' id='word_1_203' title='bbox 624 3101 733 3151; x_wconf 87' lang='lat' dir='ltr'>Boisson.</span> <span class='ocrx_word' id='word_1_204' title='bbox 753 3107 810 3166; x_wconf 86' lang='lat' dir='ltr'>apte</span> <span class='ocrx_word' id='word_1_205' title='bbox 832 3103 945 3155; x_wconf 70' lang='lat' dir='ltr'>Nicarchl</span> <span class='ocrx_word' id='word_1_206' title='bbox 959 3105 1012 3169; x_wconf 89' lang='lat' dir='ltr'>epi·</span> 
     </span>
     <span class='ocr_line' id='line_1_31' title="bbox 232 3169 475 3234; baseline -0.016 -12"><span class='ocrx_word' id='word_1_207' title='bbox 232 3183 342 3234; x_wconf 85' lang='lat' dir='ltr'>gramma</span> <span class='ocrx_word' id='word_1_208' title='bbox 357 3169 475 3221; x_wconf 85' lang='lat' dir='ltr'>laudavit.</span> 
     </span>
    </p>
   </div>
   <div class='ocr_carea' id='block_1_13' title="bbox 232 3330 1014 3537">
    <p class='ocr_par' dir='ltr' id='par_1_13' title="bbox 232 3330 1014 3537">
     <span class='ocr_line' id='line_1_32' title="bbox 262 3330 1013 3386; baseline 0.005 -5"><span class='ocrx_word' id='word_1_209' title='bbox 262 3331 358 3381; x_wconf 72' lang='lat' dir='ltr'>cnt’.</span> <span class='ocrx_word' id='word_1_210' title='bbox 372 3330 448 3379; x_wconf 84' lang='lat' dir='ltr'>xtt.</span> <span class='ocrx_word' id='word_1_211' title='bbox 463 3331 756 3382; x_wconf 83' lang='lat' dir='ltr'>—llll.-Brnnclins:</span> <span class='ocrx_word' id='word_1_212' title='bbox 769 3354 780 3376; x_wconf 72' lang='lat' dir='ltr'>r</span> <span class='ocrx_word' id='word_1_213' title='bbox 791 3335 1013 3386; x_wconf 84' lang='lat' dir='ltr'>iltuitnmexercuit</span> 
     </span>
     <span class='ocr_line' id='line_1_33' title="bbox 233 3399 1012 3467; baseline 0.01 -17"><span class='ocrx_word' id='word_1_214' title='bbox 233 3401 279 3450; x_wconf 84' lang='lat' dir='ltr'>hoe</span> <span class='ocrx_word' id='word_1_215' title='bbox 295 3412 393 3449; x_wconf 91' lang='lat' dir='ltr'>carmen</span> <span class='ocrx_word' id='word_1_216' title='bbox 404 3399 486 3450; x_wconf 80' lang='lat' dir='ltr'>airum</span> <span class='ocrx_word' id='word_1_217' title='bbox 501 3399 612 3450; x_wconf 88' lang='lat' dir='ltr'>doctrina</span> <span class='ocrx_word' id='word_1_218' title='bbox 623 3405 649 3452; x_wconf 93' lang='lat' dir='ltr'>ct</span> <span class='ocrx_word' id='word_1_219' title='bbox 665 3401 761 3466; x_wconf 86' lang='lat' dir='ltr'>ingenio</span> <span class='ocrx_word' id='word_1_220' title='bbox 772 3404 1012 3467; x_wconf 80' lang='lat' dir='ltr'>praestantissimum.</span> 
     </span>
     <span class='ocr_line' id='line_1_34' title="bbox 232 3469 1014 3537; baseline 0.008 -18"><span class='ocrx_word' id='word_1_221' title='bbox 232 3472 306 3525; x_wconf 85' lang='lat' dir='ltr'>Bam.</span> <span class='ocrx_word' id='word_1_222' title='bbox 318 3472 449 3527; x_wconf 82' lang='lat' dir='ltr'>Monetam,</span> <span class='ocrx_word' id='word_1_223' title='bbox 457 3470 501 3533; x_wconf 91' lang='lat' dir='ltr'>qui</span> <span class='ocrx_word' id='word_1_224' title='bbox 511 3469 573 3520; x_wconf 83' lang='lat' dir='ltr'>teiiri</span> <span class='ocrx_word' id='word_1_225' title='bbox 585 3485 648 3521; x_wconf 81' lang='lat' dir='ltr'>rena</span> <span class='ocrx_word' id='word_1_226' title='bbox 658 3472 718 3522; x_wconf 89' lang='lat' dir='ltr'>illud</span> <span class='ocrx_word' id='word_1_227' title='bbox 732 3472 917 3537; x_wconf 78' lang='lat' dir='ltr'>elegantissimis</span> <span class='ocrx_word' id='word_1_228' title='bbox 930 3474 1014 3526; x_wconf 84' lang='lat' dir='ltr'>latinis</span> 
     </span>
    </p>
   </div>
   <div class='ocr_carea' id='block_1_14' title="bbox 151 3538 1014 3606">
    <p class='ocr_par' dir='ltr' id='par_1_14' title="bbox 151 3538 1014 3606">
     <span class='ocr_line' id='line_1_35' title="bbox 151 3538 1014 3606; baseline 0.01 -19"><span class='ocrx_word' id='word_1_229' title='bbox 151 3538 154 3549; x_wconf 91' lang='lat'>&#39;</span> <span class='ocrx_word' id='word_1_230' title='bbox 235 3540 346 3591; x_wconf 78' lang='lat' dir='ltr'>versibus</span> <span class='ocrx_word' id='word_1_231' title='bbox 362 3538 480 3602; x_wconf 84' lang='lat' dir='ltr'>reddidit,</span> <span class='ocrx_word' id='word_1_232' title='bbox 496 3552 567 3606; x_wconf 75' lang='lat' dir='ltr'>qnos,</span> <span class='ocrx_word' id='word_1_233' title='bbox 582 3555 659 3604; x_wconf 86' lang='lat' dir='ltr'>quum</span> <span class='ocrx_word' id='word_1_234' title='bbox 679 3541 763 3592; x_wconf 90' lang='lat' dir='ltr'>inediti</span> <span class='ocrx_word' id='word_1_235' title='bbox 775 3543 836 3604; x_wconf 89' lang='lat' dir='ltr'>sint,</span> <span class='ocrx_word' id='word_1_236' title='bbox 854 3545 892 3592; x_wconf 85' lang='lat' dir='ltr'>lrtc</span> <span class='ocrx_word' id='word_1_237' title='bbox 911 3559 967 3595; x_wconf 88' lang='lat' dir='ltr'>cnm</span> <span class='ocrx_word' id='word_1_238' title='bbox 982 3546 1014 3596; x_wconf 91' lang='lat' dir='ltr'>le·</span> 
     </span>
    </p>
   </div>
   <div class='ocr_carea' id='block_1_15' title="bbox 234 3609 521 3661">
    <p class='ocr_par' dir='ltr' id='par_1_15' title="bbox 234 3609 521 3661">
     <span class='ocr_line' id='line_1_36' title="bbox 234 3609 521 3661; baseline -0.01 0"><span class='ocrx_word' id='word_1_239' title='bbox 234 3616 301 3661; x_wconf 89' lang='lat' dir='ltr'>olore</span> <span class='ocrx_word' id='word_1_240' title='bbox 314 3609 500 3660; x_wconf 81' lang='lat' dir='ltr'>corrrmnnicabo</span> <span class='ocrx_word' id='word_1_241' title='bbox 514 3623 521 3651; x_wconf 82' lang='lat'>2</span> 
     </span>
    </p>
   </div>
   <div class='ocr_carea' id='block_1_16' title="bbox 287 3768 877 4077">
    <p class='ocr_par' dir='ltr' id='par_1_16' title="bbox 288 3768 867 3887">
     <span class='ocr_line' id='line_1_37' title="bbox 288 3768 867 3828; baseline 0.012 -18"><span class='ocrx_word' id='word_1_242' title='bbox 288 3769 394 3813; x_wconf 81' lang='lat' dir='ltr'>velivolae</span> <span class='ocrx_word' id='word_1_243' title='bbox 402 3768 480 3826; x_wconf 85' lang='lat' dir='ltr'>pinus,</span> <span class='ocrx_word' id='word_1_244' title='bbox 489 3780 632 3826; x_wconf 73' lang='lat' dir='ltr'>quecunque</span> <span class='ocrx_word' id='word_1_245' title='bbox 648 3771 867 3828; x_wconf 75' lang='lat' dir='ltr'>anullonlsegenlee</span> 
     </span>
     <span class='ocr_line' id='line_1_38' title="bbox 314 3829 779 3887; baseline 0.006 -13"><span class='ocrx_word' id='word_1_246' title='bbox 314 3831 523 3885; x_wconf 83' lang='lat' dir='ltr'>itellespontlscum</span> <span class='ocrx_word' id='word_1_247' title='bbox 540 3829 627 3876; x_wconf 84' lang='lat' dir='ltr'>linditls</span> <span class='ocrx_word' id='word_1_248' title='bbox 638 3844 683 3878; x_wconf 83' lang='lat' dir='ltr'>aere</span> <span class='ocrx_word' id='word_1_249' title='bbox 698 3834 779 3887; x_wconf 75' lang='grc' dir='ltr'>ιιΙιιιιι,</span> 
     </span>
    </p>

    <p class='ocr_par' dir='ltr' id='par_1_17' title="bbox 287 3893 803 4014">
     <span class='ocr_line' id='line_1_39' title="bbox 287 3893 768 3942; baseline 0.015 -7"><span class='ocrx_word' id='word_1_250' title='bbox 287 3894 308 3935; x_wconf 84' lang='lat' dir='ltr'>si</span> <span class='ocrx_word' id='word_1_251' title='bbox 323 3904 371 3937; x_wconf 78' lang='lat' dir='ltr'>mea</span> <span class='ocrx_word' id='word_1_252' title='bbox 380 3904 404 3937; x_wconf 82' lang='lat' dir='ltr'>sc</span> <span class='ocrx_word' id='word_1_253' title='bbox 419 3893 514 3937; x_wconf 83' lang='lat' dir='ltr'>vobisin</span> <span class='ocrx_word' id='word_1_254' title='bbox 525 3898 572 3938; x_wconf 82' lang='lat' dir='ltr'>coo</span> <span class='ocrx_word' id='word_1_255' title='bbox 586 3895 686 3939; x_wconf 86' lang='lat' dir='ltr'>l’llanion</span> <span class='ocrx_word' id='word_1_256' title='bbox 699 3895 768 3942; x_wconf 86' lang='lat' dir='ltr'>ollert</span> 
     </span>
     <span class='ocr_line' id='line_1_40' title="bbox 314 3955 803 4014; baseline 0.016 -16"><span class='ocrx_word' id='word_1_257' title='bbox 314 3955 411 4005; x_wconf 78' lang='lat' dir='ltr'>littore,</span> <span class='ocrx_word' id='word_1_258' title='bbox 422 3960 531 4000; x_wconf 80' lang='lat' dir='ltr'>venturas</span> <span class='ocrx_word' id='word_1_259' title='bbox 543 3957 650 4014; x_wconf 82' lang='lat' dir='ltr'>prospicit</span> <span class='ocrx_word' id='word_1_260' title='bbox 660 3959 721 4004; x_wconf 90' lang='lat' dir='ltr'>unde</span> <span class='ocrx_word' id='word_1_261' title='bbox 733 3965 803 4013; x_wconf 83' lang='lat' dir='ltr'>rates,</span> 
     </span>
    </p>

    <p class='ocr_par' dir='ltr' id='par_1_18' title="bbox 288 4017 877 4077">
     <span class='ocr_line' id='line_1_41' title="bbox 288 4017 877 4077; baseline 0.019 -17"><span class='ocrx_word' id='word_1_262' title='bbox 288 4018 341 4061; x_wconf 81' lang='lat' dir='ltr'>ttae</span> <span class='ocrx_word' id='word_1_263' title='bbox 352 4017 383 4061; x_wconf 86' lang='lat' dir='ltr'>tili</span> <span class='ocrx_word' id='word_1_264' title='bbox 394 4028 438 4074; x_wconf 90' lang='lat' dir='ltr'>pro</span> <span class='ocrx_word' id='word_1_265' title='bbox 447 4029 483 4063; x_wconf 89' lang='lat' dir='ltr'>me</span> <span class='ocrx_word' id='word_1_266' title='bbox 492 4031 532 4064; x_wconf 82' lang='lat' dir='ltr'>ros</span> <span class='ocrx_word' id='word_1_267' title='bbox 541 4031 611 4077; x_wconf 68' lang='lat' dir='ltr'>planca</span> <span class='ocrx_word' id='word_1_268' title='bbox 621 4034 626 4062; x_wconf 78' lang='grc' dir='ltr'>ι</span> <span class='ocrx_word' id='word_1_269' title='bbox 638 4023 698 4075; x_wconf 82' lang='lat' dir='ltr'>Quid</span> <span class='ocrx_word' id='word_1_270' title='bbox 710 4027 774 4068; x_wconf 79' lang='lat' dir='ltr'>strata</span> <span class='ocrx_word' id='word_1_271' title='bbox 785 4031 877 4070; x_wconf 82' lang='lat' dir='ltr'>nautam</span> 
     </span>
    </p>
   </div>
   <div class='ocr_carea' id='block_1_17' title="bbox 576 389 1489 484">
    <p class='ocr_par' dir='ltr' id='par_1_19' title="bbox 576 389 1489 484">
     <span class='ocr_line' id='line_1_42' title="bbox 576 389 1489 484; baseline -0.007 -15"><span class='ocrx_word' id='word_1_272' title='bbox 576 410 613 470; x_wconf 87' lang='lat' dir='ltr'>m</span> <span class='ocrx_word' id='word_1_273' title='bbox 636 409 719 469; x_wconf 78' lang='lat' dir='ltr'>cir.</span> <span class='ocrx_word' id='word_1_274' title='bbox 744 407 810 468; x_wconf 78' lang='lat' dir='ltr'>xvi</span> <span class='ocrx_word' id='word_1_275' title='bbox 835 406 1018 484; x_wconf 78' lang='lat' dir='ltr'>(arpenn.</span> <span class='ocrx_word' id='word_1_276' title='bbox 1042 405 1229 482; x_wconf 75' lang='lat' dir='ltr'>estnon.)</span> <span class='ocrx_word' id='word_1_277' title='bbox 1253 389 1489 466; x_wconf 71' lang='lat' dir='ltr'>temerario.</span> 
     </span>
    </p>
   </div>
   <div class='ocr_carea' id='block_1_18' title="bbox 1108 535 1725 718">
    <p class='ocr_par' dir='ltr' id='par_1_20' title="bbox 1108 535 1725 718">
     <span class='ocr_line' id='line_1_43' title="bbox 1134 535 1667 593; baseline -0.004 -13"><span class='ocrx_word' id='word_1_278' title='bbox 1134 537 1273 593; x_wconf 76' lang='lat' dir='ltr'>exspectas?</span> <span class='ocrx_word' id='word_1_279' title='bbox 1285 535 1385 593; x_wconf 83' lang='lat' dir='ltr'>peditem</span> <span class='ocrx_word' id='word_1_280' title='bbox 1397 536 1442 580; x_wconf 80' lang='lat' dir='ltr'>dux</span> <span class='ocrx_word' id='word_1_281' title='bbox 1459 536 1500 578; x_wconf 86' lang='lat' dir='ltr'>tibi</span> <span class='ocrx_word' id='word_1_282' title='bbox 1509 535 1573 579; x_wconf 84' lang='lat' dir='ltr'>sistet</span> <span class='ocrx_word' id='word_1_283' title='bbox 1587 539 1667 579; x_wconf 82' lang='lat' dir='ltr'>timor.</span> 
     </span>
     <span class='ocr_line' id='line_1_44' title="bbox 1108 598 1725 655; baseline -0.005 -11"><span class='ocrx_word' id='word_1_284' title='bbox 1108 600 1174 644; x_wconf 82' lang='lat' dir='ltr'>Nulla</span> <span class='ocrx_word' id='word_1_285' title='bbox 1185 610 1258 652; x_wconf 79' lang='lat' dir='ltr'>mora,</span> <span class='ocrx_word' id='word_1_286' title='bbox 1269 599 1304 643; x_wconf 82' lang='lat' dir='ltr'>iris</span> <span class='ocrx_word' id='word_1_287' title='bbox 1317 599 1392 649; x_wconf 83' lang='lat' dir='ltr'>dictis.</span> <span class='ocrx_word' id='word_1_288' title='bbox 1403 602 1485 644; x_wconf 78' lang='lat' dir='ltr'>Boreas</span> <span class='ocrx_word' id='word_1_289' title='bbox 1495 611 1508 642; x_wconf 89' lang='lat' dir='ltr'>a</span> <span class='ocrx_word' id='word_1_290' title='bbox 1522 610 1598 655; x_wconf 87' lang='lat' dir='ltr'>puppe</span> <span class='ocrx_word' id='word_1_291' title='bbox 1607 598 1725 642; x_wconf 80' lang='lat' dir='ltr'>secundos</span> 
     </span>
     <span class='ocr_line' id='line_1_45' title="bbox 1136 663 1652 718; baseline -0.002 -12"><span class='ocrx_word' id='word_1_292' title='bbox 1136 664 1213 716; x_wconf 76' lang='lat' dir='ltr'>Flebit,</span> <span class='ocrx_word' id='word_1_293' title='bbox 1225 668 1248 707; x_wconf 89' lang='lat' dir='ltr'>et</span> <span class='ocrx_word' id='word_1_294' title='bbox 1257 664 1285 707; x_wconf 84' lang='lat' dir='ltr'>sd</span> <span class='ocrx_word' id='word_1_295' title='bbox 1296 667 1389 718; x_wconf 85' lang='lat' dir='ltr'>portum</span> <span class='ocrx_word' id='word_1_296' title='bbox 1402 663 1472 707; x_wconf 80' lang='lat' dir='ltr'>lintea</span> <span class='ocrx_word' id='word_1_297' title='bbox 1482 667 1556 707; x_wconf 84' lang='lat' dir='ltr'>vestra</span> <span class='ocrx_word' id='word_1_298' title='bbox 1566 663 1633 707; x_wconf 85' lang='lat' dir='ltr'>teret.</span> <span class='ocrx_word' id='word_1_299' title='bbox 1643 677 1652 703; x_wconf 84' lang='grc' dir='ltr'>ι</span> 
     </span>
    </p>
   </div>
   <div class='ocr_carea' id='block_1_19' title="bbox 1054 796 1848 1005">
    <p class='ocr_par' dir='ltr' id='par_1_21' title="bbox 1054 796 1848 1005">
     <span class='ocr_line' id='line_1_46' title="bbox 1056 796 1848 862; baseline 0.001 -16"><span class='ocrx_word' id='word_1_300' title='bbox 1056 800 1107 846; x_wconf 85' lang='lat' dir='ltr'>llon</span> <span class='ocrx_word' id='word_1_301' title='bbox 1130 796 1285 862; x_wconf 82' lang='lat' dir='ltr'>probandum</span> <span class='ocrx_word' id='word_1_302' title='bbox 1307 801 1390 847; x_wconf 88' lang='lat' dir='ltr'>tamen</span> <span class='ocrx_word' id='word_1_303' title='bbox 1406 812 1429 847; x_wconf 82' lang='lat' dir='ltr'>v.</span> <span class='ocrx_word' id='word_1_304' title='bbox 1449 802 1457 846; x_wconf 93' lang='lat' dir='ltr'>t</span> <span class='ocrx_word' id='word_1_305' title='bbox 1482 798 1624 862; x_wconf 76' lang='lat' dir='ltr'>Aquilonis</span> <span class='ocrx_word' id='word_1_306' title='bbox 1641 801 1754 860; x_wconf 76' lang='lat' dir='ltr'>rpentes.</span> <span class='ocrx_word' id='word_1_307' title='bbox 1772 798 1848 847; x_wconf 64' lang='lat' dir='ltr'>serta</span> 
     </span>
     <span class='ocr_line' id='line_1_47' title="bbox 1054 868 1846 932; baseline -0.005 -14"><span class='ocrx_word' id='word_1_308' title='bbox 1054 869 1120 918; x_wconf 92' lang='lat' dir='ltr'>enlm</span> <span class='ocrx_word' id='word_1_309' title='bbox 1134 868 1270 919; x_wconf 85' lang='lat' dir='ltr'>Meinelrins</span> <span class='ocrx_word' id='word_1_310' title='bbox 1287 882 1292 911; x_wconf 89' lang='lat'>=</span> <span class='ocrx_word' id='word_1_311' title='bbox 1309 889 1320 910; x_wconf 71' lang='grc' dir='ltr'>ι</span> <span class='ocrx_word' id='word_1_312' title='bbox 1344 869 1419 918; x_wconf 85' lang='lat' dir='ltr'>Poeta</span> <span class='ocrx_word' id='word_1_313' title='bbox 1440 868 1507 918; x_wconf 86' lang='lat' dir='ltr'>circa</span> <span class='ocrx_word' id='word_1_314' title='bbox 1531 868 1718 932; x_wconf 79' lang='lat' dir='ltr'>Hellespontum</span> <span class='ocrx_word' id='word_1_315' title='bbox 1743 881 1846 918; x_wconf 76' lang='lat' dir='ltr'>versam</span> 
     </span>
     <span class='ocr_line' id='line_1_48' title="bbox 1054 938 1846 1005; baseline 0.001 -16"><span class='ocrx_word' id='word_1_316' title='bbox 1054 952 1130 990; x_wconf 84' lang='lat' dir='ltr'>nares</span> <span class='ocrx_word' id='word_1_317' title='bbox 1141 938 1285 990; x_wconf 85' lang='lat' dir='ltr'>interiorem</span> <span class='ocrx_word' id='word_1_318' title='bbox 1302 940 1377 990; x_wconf 90' lang='lat' dir='ltr'>maris</span> <span class='ocrx_word' id='word_1_319' title='bbox 1391 941 1466 1003; x_wconf 76' lang='lat' dir='ltr'>AEgcoi</span> <span class='ocrx_word' id='word_1_320' title='bbox 1477 945 1572 1004; x_wconf 82' lang='lat' dir='ltr'>partem</span> <span class='ocrx_word' id='word_1_321' title='bbox 1583 940 1706 1004; x_wconf 88' lang='lat' dir='ltr'>petituras</span> <span class='ocrx_word' id='word_1_322' title='bbox 1719 945 1803 1005; x_wconf 81' lang='lat' dir='ltr'>rogat,</span> <span class='ocrx_word' id='word_1_323' title='bbox 1819 945 1846 990; x_wconf 91' lang='lat' dir='ltr'>nt</span> 
     </span>
    </p>
   </div>
   <div class='ocr_carea' id='block_1_20' title="bbox 1048 1009 1844 1076">
    <p class='ocr_par' dir='ltr' id='par_1_22' title="bbox 1048 1009 1844 1076">
     <span class='ocr_line' id='line_1_49' title="bbox 1048 1009 1844 1076; baseline 0.001 -16"><span class='ocrx_word' id='word_1_324' title='bbox 1048 1011 1076 1060; x_wconf 87' lang='lat' dir='ltr'>si</span> <span class='ocrx_word' id='word_1_325' title='bbox 1087 1011 1193 1061; x_wconf 82' lang='lat' dir='ltr'>msulam</span> <span class='ocrx_word' id='word_1_326' title='bbox 1204 1013 1256 1060; x_wconf 85' lang='lat' dir='ltr'>Con</span> <span class='ocrx_word' id='word_1_327' title='bbox 1265 1011 1467 1076; x_wconf 75' lang='lat' dir='ltr'>praeterlabentes</span> <span class='ocrx_word' id='word_1_328' title='bbox 1477 1013 1502 1063; x_wconf 93' lang='lat' dir='ltr'>in</span> <span class='ocrx_word' id='word_1_329' title='bbox 1516 1013 1587 1062; x_wconf 85' lang='lat' dir='ltr'>litore</span> <span class='ocrx_word' id='word_1_330' title='bbox 1599 1011 1719 1062; x_wconf 85' lang='lat' dir='ltr'>Phanium</span> <span class='ocrx_word' id='word_1_331' title='bbox 1735 1009 1844 1071; x_wconf 85' lang='lat' dir='ltr'>videant,</span> 
     </span>
    </p>
   </div>
   <div class='ocr_carea' id='block_1_21' title="bbox 1054 1081 1847 1505">
    <p class='ocr_par' dir='ltr' id='par_1_23' title="bbox 1054 1081 1847 1505">
     <span class='ocr_line' id='line_1_50' title="bbox 1055 1081 1847 1134; baseline 0.001 -4"><span class='ocrx_word' id='word_1_332' title='bbox 1055 1081 1115 1131; x_wconf 90' lang='lat' dir='ltr'>huic</span> <span class='ocrx_word' id='word_1_333' title='bbox 1137 1081 1336 1132; x_wconf 79' lang='lat' dir='ltr'>ardentissimum</span> <span class='ocrx_word' id='word_1_334' title='bbox 1362 1094 1435 1134; x_wconf 88' lang='lat' dir='ltr'>suum</span> <span class='ocrx_word' id='word_1_335' title='bbox 1449 1095 1559 1134; x_wconf 92' lang='lat' dir='ltr'>amorem</span> <span class='ocrx_word' id='word_1_336' title='bbox 1576 1086 1706 1133; x_wconf 87' lang='lat' dir='ltr'>testentur.</span> <span class='ocrx_word' id='word_1_337' title='bbox 1724 1102 1738 1127; x_wconf 72' lang='lat' dir='ltr'>n</span> <span class='ocrx_word' id='word_1_338' title='bbox 1759 1083 1847 1132; x_wconf 76' lang='lat' dir='ltr'>ltelins</span> 
     </span>
     <span class='ocr_line' id='line_1_51' title="bbox 1054 1151 1846 1219; baseline 0.004 -18"><span class='ocrx_word' id='word_1_339' title='bbox 1054 1152 1088 1201; x_wconf 87' lang='lat' dir='ltr'>sit</span> <span class='ocrx_word' id='word_1_340' title='bbox 1100 1151 1174 1215; x_wconf 87' lang='lat' dir='ltr'>igitur</span> <span class='ocrx_word' id='word_1_341' title='bbox 1191 1152 1318 1216; x_wconf 78' lang='lat' dir='ltr'>Apelleae</span> <span class='ocrx_word' id='word_1_342' title='bbox 1338 1152 1455 1217; x_wconf 76' lang='lat' dir='ltr'>fovente,</span> <span class='ocrx_word' id='word_1_343' title='bbox 1467 1158 1515 1205; x_wconf 89' lang='lat' dir='ltr'>etc.</span> <span class='ocrx_word' id='word_1_344' title='bbox 1526 1181 1560 1192; x_wconf 92' lang='lat'>-</span> <span class='ocrx_word' id='word_1_345' title='bbox 1570 1157 1597 1204; x_wconf 94' lang='lat' dir='ltr'>ln</span> <span class='ocrx_word' id='word_1_346' title='bbox 1608 1156 1696 1219; x_wconf 74' lang='lat' dir='ltr'>graecis</span> <span class='ocrx_word' id='word_1_347' title='bbox 1708 1169 1736 1204; x_wconf 85' lang='lat' dir='ltr'>v.</span> <span class='ocrx_word' id='word_1_348' title='bbox 1752 1160 1768 1204; x_wconf 83' lang='lat'><strong>5</strong></span> <span class='ocrx_word' id='word_1_349' title='bbox 1780 1154 1846 1218; x_wconf 75' lang='lat' dir='ltr'>isigi-</span> 
     </span>
     <span class='ocr_line' id='line_1_52' title="bbox 1054 1219 1847 1289; baseline 0.004 -18"><span class='ocrx_word' id='word_1_350' title='bbox 1054 1219 1158 1272; x_wconf 78' lang='lat' dir='ltr'>dissima</span> <span class='ocrx_word' id='word_1_351' title='bbox 1170 1222 1284 1273; x_wconf 82' lang='lat' dir='ltr'>iteinetii</span> <span class='ocrx_word' id='word_1_352' title='bbox 1295 1224 1368 1274; x_wconf 87' lang='lat' dir='ltr'>lectio</span> <span class='ocrx_word' id='word_1_353' title='bbox 1379 1227 1449 1276; x_wconf 75' lang='lat' dir='ltr'>salai</span> <span class='ocrx_word' id='word_1_354' title='bbox 1467 1227 1530 1287; x_wconf 67' lang='lat' dir='ltr'>esec,</span> <span class='ocrx_word' id='word_1_355' title='bbox 1543 1227 1576 1283; x_wconf 79' lang='grc' dir='ltr'>ῶς</span> <span class='ocrx_word' id='word_1_356' title='bbox 1595 1244 1665 1287; x_wconf 87' lang='lat' dir='ltr'>oe...,</span> <span class='ocrx_word' id='word_1_357' title='bbox 1684 1238 1770 1289; x_wconf 79' lang='lat' dir='ltr'>nequo</span> <span class='ocrx_word' id='word_1_358' title='bbox 1789 1239 1847 1276; x_wconf 81' lang='lat' dir='ltr'>cum</span> 
     </span>
     <span class='ocr_line' id='line_1_53' title="bbox 1055 1293 1846 1360; baseline 0.001 -16"><span class='ocrx_word' id='word_1_359' title='bbox 1055 1293 1098 1345; x_wconf 94' lang='lat' dir='ltr'>illo</span> <span class='ocrx_word' id='word_1_360' title='bbox 1111 1295 1251 1356; x_wconf 87' lang='lat' dir='ltr'>consentio,</span> <span class='ocrx_word' id='word_1_361' title='bbox 1263 1316 1275 1339; x_wconf 74' lang='grc' dir='ltr'>ο</span> <span class='ocrx_word' id='word_1_362' title='bbox 1288 1295 1469 1360; x_wconf 90' lang='lat' dir='ltr'>ineptissimum</span> <span class='ocrx_word' id='word_1_363' title='bbox 1485 1310 1540 1348; x_wconf 87' lang='lat' dir='ltr'>esse</span> <span class='ocrx_word' id='word_1_364' title='bbox 1553 1311 1630 1348; x_wconf 82' lang='lat' dir='ltr'>neres</span> <span class='ocrx_word' id='word_1_365' title='bbox 1643 1297 1675 1348; x_wconf 88' lang='lat' dir='ltr'>iis</span> <span class='ocrx_word' id='word_1_366' title='bbox 1696 1297 1786 1349; x_wconf 82' lang='lat' dir='ltr'>verbis</span> <span class='ocrx_word' id='word_1_367' title='bbox 1800 1297 1846 1353; x_wconf 91' lang='lat' dir='ltr'>uli,</span> 
     </span>
     <span class='ocr_line' id='line_1_54' title="bbox 1054 1366 1842 1433; baseline 0 -16"><span class='ocrx_word' id='word_1_368' title='bbox 1054 1366 1145 1431; x_wconf 85' lang='lat' dir='ltr'>quibus</span> <span class='ocrx_word' id='word_1_369' title='bbox 1161 1366 1213 1430; x_wconf 91' lang='lat' dir='ltr'>ipse</span> <span class='ocrx_word' id='word_1_370' title='bbox 1227 1370 1300 1431; x_wconf 83' lang='lat' dir='ltr'>poeta</span> <span class='ocrx_word' id='word_1_371' title='bbox 1310 1381 1420 1432; x_wconf 76' lang='lat' dir='ltr'>praesens</span> <span class='ocrx_word' id='word_1_372' title='bbox 1433 1371 1581 1432; x_wconf 75' lang='lat' dir='ltr'>presentem</span> <span class='ocrx_word' id='word_1_373' title='bbox 1591 1369 1698 1433; x_wconf 87' lang='lat' dir='ltr'>puellam</span> <span class='ocrx_word' id='word_1_374' title='bbox 1709 1367 1842 1432; x_wconf 87' lang='lat' dir='ltr'>compella·</span> 
     </span>
     <span class='ocr_line' id='line_1_55' title="bbox 1055 1438 1847 1505; baseline -0.001 -15"><span class='ocrx_word' id='word_1_375' title='bbox 1055 1442 1117 1490; x_wconf 78' lang='lat' dir='ltr'>ret»</span> <span class='ocrx_word' id='word_1_376' title='bbox 1132 1438 1270 1500; x_wconf 83' lang='lat' dir='ltr'>:siqnidem</span> <span class='ocrx_word' id='word_1_377' title='bbox 1291 1439 1398 1489; x_wconf 84' lang='lat' dir='ltr'>navibus</span> <span class='ocrx_word' id='word_1_378' title='bbox 1417 1439 1536 1490; x_wconf 88' lang='lat' dir='ltr'>mandata</span> <span class='ocrx_word' id='word_1_379' title='bbox 1556 1440 1619 1499; x_wconf 72' lang='lat' dir='ltr'>llari,</span> <span class='ocrx_word' id='word_1_380' title='bbox 1634 1440 1729 1502; x_wconf 84' lang='lat' dir='ltr'>quibus</span> <span class='ocrx_word' id='word_1_381' title='bbox 1744 1440 1847 1505; x_wconf 80' lang='lat' dir='ltr'>perlatis</span> 
     </span>
    </p>
   </div>
   <div class='ocr_carea' id='block_1_22' title="bbox 1009 1509 1845 1579">
    <p class='ocr_par' dir='ltr' id='par_1_24' title="bbox 1009 1509 1845 1579">
     <span class='ocr_line' id='line_1_56' title="bbox 1009 1509 1845 1579; baseline 0.002 -21"><span class='ocrx_word' id='word_1_382' title='bbox 1009 1571 1014 1579; x_wconf 24' lang='grc' dir='ltr'><strong><em>Ι</em></strong></span> <span class='ocrx_word' id='word_1_383' title='bbox 1056 1509 1104 1560; x_wconf 79' lang='lat' dir='ltr'>illm</span> <span class='ocrx_word' id='word_1_384' title='bbox 1115 1510 1229 1560; x_wconf 89' lang='lat' dir='ltr'>secundis</span> <span class='ocrx_word' id='word_1_385' title='bbox 1244 1510 1323 1561; x_wconf 83' lang='lat' dir='ltr'>ventis</span> <span class='ocrx_word' id='word_1_386' title='bbox 1344 1510 1508 1572; x_wconf 70' lang='lat' dir='ltr'>asarsusim,</span> <span class='ocrx_word' id='word_1_387' title='bbox 1525 1533 1536 1555; x_wconf 72' lang='lat' dir='ltr'>a</span> <span class='ocrx_word' id='word_1_388' title='bbox 1556 1512 1725 1562; x_wconf 77' lang='lat' dir='ltr'>felicissimum</span> <span class='ocrx_word' id='word_1_389' title='bbox 1747 1511 1845 1563; x_wconf 83' lang='lat' dir='ltr'>ridetur</span> 
     </span>
    </p>
   </div>
   <div class='ocr_carea' id='block_1_23' title="bbox 1056 1582 1854 3218">
    <p class='ocr_par' dir='ltr' id='par_1_25' title="bbox 1056 1582 1854 3218">
     <span class='ocr_line' id='line_1_57' title="bbox 1056 1582 1847 1648; baseline 0.001 -18"><span class='ocrx_word' id='word_1_390' title='bbox 1056 1585 1223 1631; x_wconf 89' lang='lat' dir='ltr'>commentum</span> <span class='ocrx_word' id='word_1_391' title='bbox 1236 1595 1291 1631; x_wconf 89' lang='lat' dir='ltr'>esse</span> <span class='ocrx_word' id='word_1_392' title='bbox 1307 1604 1333 1642; x_wconf 73' lang='lat' dir='ltr'>n,</span> <span class='ocrx_word' id='word_1_393' title='bbox 1345 1585 1375 1631; x_wconf 92' lang='lat' dir='ltr'>nt</span> <span class='ocrx_word' id='word_1_394' title='bbox 1386 1583 1438 1648; x_wconf 89' lang='lat' dir='ltr'>ipse</span> <span class='ocrx_word' id='word_1_395' title='bbox 1449 1582 1492 1634; x_wconf 88' lang='lat' dir='ltr'>ait.</span> <span class='ocrx_word' id='word_1_396' title='bbox 1509 1587 1596 1646; x_wconf 85' lang='lat' dir='ltr'>ltaque</span> <span class='ocrx_word' id='word_1_397' title='bbox 1610 1583 1671 1633; x_wconf 85' lang='lat' dir='ltr'>nihil</span> <span class='ocrx_word' id='word_1_398' title='bbox 1685 1583 1847 1643; x_wconf 79' lang='lat' dir='ltr'>mutandum,</span> 
     </span>
     <span class='ocr_line' id='line_1_58' title="bbox 1056 1651 1849 1718; baseline 0.003 -17"><span class='ocrx_word' id='word_1_399' title='bbox 1056 1665 1111 1702; x_wconf 93' lang='lat' dir='ltr'>meo</span> <span class='ocrx_word' id='word_1_400' title='bbox 1125 1651 1225 1715; x_wconf 81' lang='lat' dir='ltr'>quidem</span> <span class='ocrx_word' id='word_1_401' title='bbox 1244 1667 1326 1715; x_wconf 88' lang='lat' dir='ltr'>sensu,</span> <span class='ocrx_word' id='word_1_402' title='bbox 1343 1653 1368 1703; x_wconf 91' lang='lat' dir='ltr'>in</span> <span class='ocrx_word' id='word_1_403' title='bbox 1390 1655 1497 1718; x_wconf 83' lang='lat' dir='ltr'>vulgata,</span> <span class='ocrx_word' id='word_1_404' title='bbox 1512 1669 1569 1718; x_wconf 77' lang='lat' dir='ltr'>qne</span> <span class='ocrx_word' id='word_1_405' title='bbox 1588 1655 1710 1706; x_wconf 89' lang='lat' dir='ltr'>Brunckio</span> <span class='ocrx_word' id='word_1_406' title='bbox 1725 1655 1849 1716; x_wconf 64' lang='lat' dir='ltr'>delictum,</span> 
     </span>
     <span class='ocr_line' id='line_1_59' title="bbox 1056 1718 1847 1791; baseline 0 -16"><span class='ocrx_word' id='word_1_407' title='bbox 1056 1726 1166 1790; x_wconf 88' lang='lat' dir='ltr'>inprimis</span> <span class='ocrx_word' id='word_1_408' title='bbox 1179 1718 1220 1782; x_wconf 77' lang='grc' dir='ltr'>σος</span> <span class='ocrx_word' id='word_1_409' title='bbox 1231 1728 1311 1791; x_wconf 76' lang='grc' dir='ltr'>ἵμερος</span> <span class='ocrx_word' id='word_1_410' title='bbox 1325 1727 1384 1778; x_wconf 89' lang='lat' dir='ltr'>lmic</span> <span class='ocrx_word' id='word_1_411' title='bbox 1396 1727 1451 1779; x_wconf 91' lang='lat' dir='ltr'>looo</span> <span class='ocrx_word' id='word_1_412' title='bbox 1465 1728 1587 1788; x_wconf 84' lang='lat' dir='ltr'>convenit,</span> <span class='ocrx_word' id='word_1_413' title='bbox 1607 1732 1636 1778; x_wconf 89' lang='lat' dir='ltr'>nt</span> <span class='ocrx_word' id='word_1_414' title='bbox 1651 1728 1678 1778; x_wconf 92' lang='lat' dir='ltr'>in</span> <span class='ocrx_word' id='word_1_415' title='bbox 1691 1727 1800 1778; x_wconf 80' lang='lat' dir='ltr'>Moscho</span> <span class='ocrx_word' id='word_1_416' title='bbox 1814 1729 1847 1784; x_wconf 79' lang='lat' dir='ltr'>ll,</span> 
     </span>
     <span class='ocr_line' id='line_1_60' title="bbox 1059 1798 1849 1862; baseline 0.003 -16"><span class='ocrx_word' id='word_1_417' title='bbox 1059 1801 1111 1855; x_wconf 79' lang='lat'><strong>157,</strong></span> <span class='ocrx_word' id='word_1_418' title='bbox 1124 1798 1166 1853; x_wconf 82' lang='grc' dir='ltr'>σὸς</span> <span class='ocrx_word' id='word_1_419' title='bbox 1181 1798 1206 1846; x_wconf 79' lang='lat' dir='ltr'>ci</span> <span class='ocrx_word' id='word_1_420' title='bbox 1219 1800 1290 1854; x_wconf 80' lang='grc' dir='ltr'>πόθος</span> <span class='ocrx_word' id='word_1_421' title='bbox 1309 1800 1336 1860; x_wconf 87' lang='grc' dir='ltr'>μ’</span> <span class='ocrx_word' id='word_1_422' title='bbox 1351 1800 1476 1860; x_wconf 79' lang='grc' dir='ltr'>ἀνὶηιιε...,</span> <span class='ocrx_word' id='word_1_423' title='bbox 1498 1799 1541 1849; x_wconf 85' lang='lat' dir='ltr'>ubi</span> <span class='ocrx_word' id='word_1_424' title='bbox 1555 1799 1605 1850; x_wconf 81' lang='lat' dir='ltr'>rid.</span> <span class='ocrx_word' id='word_1_425' title='bbox 1624 1800 1738 1849; x_wconf 80' lang='lat' dir='ltr'>Bolssott.</span> <span class='ocrx_word' id='word_1_426' title='bbox 1759 1811 1784 1862; x_wconf 88' lang='lat' dir='ltr'>p.</span> <span class='ocrx_word' id='word_1_427' title='bbox 1802 1803 1849 1848; x_wconf 75' lang='lat'>282</span> 
     </span>
     <span class='ocr_line' id='line_1_61' title="bbox 1056 1867 1847 1935; baseline 0.001 -19"><span class='ocrx_word' id='word_1_428' title='bbox 1056 1869 1099 1918; x_wconf 86' lang='lat' dir='ltr'>alt.</span> <span class='ocrx_word' id='word_1_429' title='bbox 1119 1867 1180 1919; x_wconf 81' lang='lat' dir='ltr'>edit.</span> <span class='ocrx_word' id='word_1_430' title='bbox 1193 1869 1255 1926; x_wconf 78' lang='grc' dir='ltr'><strong>Νυὸς</strong></span> <span class='ocrx_word' id='word_1_431' title='bbox 1266 1872 1350 1920; x_wconf 86' lang='lat' dir='ltr'>autem</span> <span class='ocrx_word' id='word_1_432' title='bbox 1363 1884 1408 1935; x_wconf 94' lang='lat' dir='ltr'>pro</span> <span class='ocrx_word' id='word_1_433' title='bbox 1419 1872 1498 1934; x_wconf 76' lang='grc' dir='ltr'>νύμφη</span> <span class='ocrx_word' id='word_1_434' title='bbox 1513 1874 1553 1921; x_wconf 89' lang='lat' dir='ltr'>est</span> <span class='ocrx_word' id='word_1_435' title='bbox 1571 1885 1611 1935; x_wconf 89' lang='lat' dir='ltr'>sp.</span> <span class='ocrx_word' id='word_1_436' title='bbox 1626 1871 1734 1920; x_wconf 85' lang='lat' dir='ltr'>Tlreocr.</span> <span class='ocrx_word' id='word_1_437' title='bbox 1750 1871 1804 1928; x_wconf 75' lang='lat' dir='ltr'>XV,</span> <span class='ocrx_word' id='word_1_438' title='bbox 1819 1872 1847 1918; x_wconf 81' lang='lat'>77</span> 
     </span>
     <span class='ocr_line' id='line_1_62' title="bbox 1056 1941 1851 2002; baseline 0.001 -14"><span class='ocrx_word' id='word_1_439' title='bbox 1056 1942 1081 1988; x_wconf 88' lang='lat' dir='ltr'>et</span> <span class='ocrx_word' id='word_1_440' title='bbox 1094 1942 1182 1998; x_wconf 84' lang='lat' dir='ltr'>xvttt,</span> <span class='ocrx_word' id='word_1_441' title='bbox 1196 1946 1233 1990; x_wconf 86' lang='lat' dir='ltr'>t5.</span> <span class='ocrx_word' id='word_1_442' title='bbox 1244 1969 1272 1977; x_wconf 95' lang='lat'><em>-</em></span> <span class='ocrx_word' id='word_1_443' title='bbox 1282 1943 1535 2002; x_wconf 78' lang='lat' dir='ltr'>o.Sancto-Benvins‚</span> <span class='ocrx_word' id='word_1_444' title='bbox 1549 1943 1595 1993; x_wconf 91' lang='lat' dir='ltr'>loe.</span> <span class='ocrx_word' id='word_1_445' title='bbox 1611 1941 1671 1992; x_wconf 73' lang='lat' dir='ltr'>ets:</span> <span class='ocrx_word' id='word_1_446' title='bbox 1686 1961 1697 1983; x_wconf 79' lang='grc' dir='ltr'>ο</span> <span class='ocrx_word' id='word_1_447' title='bbox 1714 1943 1851 1990; x_wconf 79' lang='lat' dir='ltr'>Pani-etro</span> 
     </span>
     <span class='ocr_line' id='line_1_63' title="bbox 1057 2007 1851 2075; baseline 0.001 -18"><span class='ocrx_word' id='word_1_448' title='bbox 1057 2008 1149 2059; x_wconf 84' lang='lat' dir='ltr'>vent-il</span> <span class='ocrx_word' id='word_1_449' title='bbox 1161 2008 1214 2059; x_wconf 89' lang='lat' dir='ltr'>dire</span> <span class='ocrx_word' id='word_1_450' title='bbox 1226 2007 1380 2073; x_wconf 87' lang='lat' dir='ltr'>simplement</span> <span class='ocrx_word' id='word_1_451' title='bbox 1389 2011 1478 2075; x_wconf 84' lang='lat' dir='ltr'>qu&#39;eile</span> <span class='ocrx_word' id='word_1_452' title='bbox 1489 2025 1520 2061; x_wconf 92' lang='lat' dir='ltr'>ne</span> <span class='ocrx_word' id='word_1_453' title='bbox 1529 2011 1646 2062; x_wconf 85' lang='lat' dir='ltr'>l&#39;ettende</span> <span class='ocrx_word' id='word_1_454' title='bbox 1665 2010 1738 2072; x_wconf 91' lang='lat' dir='ltr'>point</span> <span class='ocrx_word' id='word_1_455' title='bbox 1753 2023 1813 2058; x_wconf 75' lang='lat' dir='ltr'>vers</span> <span class='ocrx_word' id='word_1_456' title='bbox 1828 2010 1851 2058; x_wconf 89' lang='lat' dir='ltr'>le</span> 
     </span>
     <span class='ocr_line' id='line_1_64' title="bbox 1057 2079 1850 2146; baseline 0 -17"><span class='ocrx_word' id='word_1_457' title='bbox 1057 2079 1133 2130; x_wconf 88' lang='lat' dir='ltr'>hante</span> <span class='ocrx_word' id='word_1_458' title='bbox 1147 2093 1210 2141; x_wconf 87' lang='lat' dir='ltr'>mer,</span> <span class='ocrx_word' id='word_1_459' title='bbox 1225 2085 1251 2130; x_wconf 92' lang='lat' dir='ltr'>et</span> <span class='ocrx_word' id='word_1_460' title='bbox 1264 2081 1324 2143; x_wconf 83' lang='lat' dir='ltr'>qn&#39;il</span> <span class='ocrx_word' id='word_1_461' title='bbox 1336 2083 1447 2133; x_wconf 79' lang='lat' dir='ltr'>arrisere</span> <span class='ocrx_word' id='word_1_462' title='bbox 1459 2097 1505 2146; x_wconf 90' lang='lat' dir='ltr'>par</span> <span class='ocrx_word' id='word_1_463' title='bbox 1515 2086 1581 2134; x_wconf 88' lang='lat' dir='ltr'>terre</span> <span class='ocrx_word' id='word_1_464' title='bbox 1592 2081 1626 2132; x_wconf 92' lang='lat' dir='ltr'>dn</span> <span class='ocrx_word' id='word_1_465' title='bbox 1643 2081 1700 2132; x_wconf 83' lang='lat' dir='ltr'>cote</span> <span class='ocrx_word' id='word_1_466' title='bbox 1713 2079 1748 2130; x_wconf 89' lang='lat' dir='ltr'>de</span> <span class='ocrx_word' id='word_1_467' title='bbox 1762 2079 1786 2130; x_wconf 90' lang='lat' dir='ltr'>la</span> <span class='ocrx_word' id='word_1_468' title='bbox 1799 2083 1850 2129; x_wconf 86' lang='lat' dir='ltr'>ca-</span> 
     </span>
     <span class='ocr_line' id='line_1_65' title="bbox 1057 2149 1851 2219; baseline 0.003 -21"><span class='ocrx_word' id='word_1_469' title='bbox 1057 2149 1093 2199; x_wconf 92' lang='lat' dir='ltr'>rie</span> <span class='ocrx_word' id='word_1_470' title='bbox 1103 2154 1129 2199; x_wconf 87' lang='lat' dir='ltr'>et</span> <span class='ocrx_word' id='word_1_471' title='bbox 1143 2149 1351 2214; x_wconf 85' lang='lat' dir='ltr'>d&#39;llalicamasse‚</span> <span class='ocrx_word' id='word_1_472' title='bbox 1365 2151 1409 2215; x_wconf 87' lang='lat' dir='ltr'>qui</span> <span class='ocrx_word' id='word_1_473' title='bbox 1422 2152 1507 2203; x_wconf 81' lang='lat' dir='ltr'>n&#39;etait</span> <span class='ocrx_word' id='word_1_474' title='bbox 1521 2153 1622 2217; x_wconf 75' lang='lat' dir='ltr'>separes</span> <span class='ocrx_word' id='word_1_475' title='bbox 1633 2152 1666 2203; x_wconf 93' lang='lat' dir='ltr'>de</span> <span class='ocrx_word' id='word_1_476' title='bbox 1677 2153 1730 2205; x_wconf 71' lang='lat' dir='ltr'>(los</span> <span class='ocrx_word' id='word_1_477' title='bbox 1741 2166 1793 2219; x_wconf 85' lang='lat' dir='ltr'>qne</span> <span class='ocrx_word' id='word_1_478' title='bbox 1804 2164 1851 2217; x_wconf 82' lang='lat' dir='ltr'>par</span> 
     </span>
     <span class='ocr_line' id='line_1_66' title="bbox 1059 2223 1850 2290; baseline 0.005 -19"><span class='ocrx_word' id='word_1_479' title='bbox 1059 2236 1091 2271; x_wconf 92' lang='lat' dir='ltr'>un</span> <span class='ocrx_word' id='word_1_480' title='bbox 1115 2223 1195 2285; x_wconf 84' lang='lat' dir='ltr'>trajet.</span> <span class='ocrx_word' id='word_1_481' title='bbox 1212 2241 1225 2266; x_wconf 79' lang='grc' dir='ltr'>ι</span> <span class='ocrx_word' id='word_1_482' title='bbox 1237 2225 1302 2273; x_wconf 81' lang='grc'>-7,</span> <span class='ocrx_word' id='word_1_483' title='bbox 1315 2243 1327 2267; x_wconf 81' lang='grc' dir='ltr'>ι</span> <span class='ocrx_word' id='word_1_484' title='bbox 1346 2227 1373 2272; x_wconf 94' lang='lat' dir='ltr'>ln</span> <span class='ocrx_word' id='word_1_485' title='bbox 1388 2236 1471 2287; x_wconf 89' lang='lat' dir='ltr'>apogr.</span> <span class='ocrx_word' id='word_1_486' title='bbox 1492 2224 1551 2288; x_wconf 89' lang='lat' dir='ltr'>Lips</span> <span class='ocrx_word' id='word_1_487' title='bbox 1572 2227 1593 2274; x_wconf 82' lang='lat' dir='ltr'>et</span> <span class='ocrx_word' id='word_1_488' title='bbox 1614 2225 1660 2289; x_wconf 78' lang='grc' dir='ltr'>γὰρ</span> <span class='ocrx_word' id='word_1_489' title='bbox 1678 2227 1747 2276; x_wconf 65' lang='grc' dir='ltr'>τοῦθ’</span> <span class='ocrx_word' id='word_1_490' title='bbox 1763 2228 1850 2290; x_wconf 66' lang='lat' dir='ltr'>lpders&#39;</span> 
     </span>
     <span class='ocr_line' id='line_1_67' title="bbox 1058 2291 1849 2360; baseline 0.014 -20"><span class='ocrx_word' id='word_1_491' title='bbox 1058 2291 1115 2343; x_wconf 75' lang='grc' dir='ltr'>οὗ...</span> <span class='ocrx_word' id='word_1_492' title='bbox 1136 2294 1199 2342; x_wconf 79' lang='grc' dir='ltr'>τέλοι</span> <span class='ocrx_word' id='word_1_493' title='bbox 1220 2294 1274 2342; x_wconf 76' lang='grc' dir='ltr'><strong>αὐτ.</strong></span> <span class='ocrx_word' id='word_1_494' title='bbox 1292 2294 1320 2342; x_wconf 88' lang='lat' dir='ltr'>ln</span> <span class='ocrx_word' id='word_1_495' title='bbox 1336 2307 1415 2356; x_wconf 82' lang='lat' dir='ltr'>marg.</span> <span class='ocrx_word' id='word_1_496' title='bbox 1439 2297 1551 2345; x_wconf 78' lang='lat' dir='ltr'>notatum</span> <span class='ocrx_word' id='word_1_497' title='bbox 1565 2297 1591 2345; x_wconf 77' lang='grc' dir='ltr'>εὖ</span> <span class='ocrx_word' id='word_1_498' title='bbox 1610 2314 1650 2360; x_wconf 78' lang='grc' dir='ltr'>μοι</span> <span class='ocrx_word' id='word_1_499' title='bbox 1668 2301 1746 2350; x_wconf 73' lang='grc' dir='ltr'>πέλοι.</span> <span class='ocrx_word' id='word_1_500' title='bbox 1759 2321 1771 2344; x_wconf 76' lang='lat' dir='ltr'>a</span> <span class='ocrx_word' id='word_1_501' title='bbox 1791 2302 1849 2350; x_wconf 67' lang='lat' dir='ltr'>Jac.</span> 
     </span>
     <span class='ocr_line' id='line_1_68' title="bbox 1058 2364 1851 2433; baseline 0.014 -22"><span class='ocrx_word' id='word_1_502' title='bbox 1058 2367 1165 2427; x_wconf 77' lang='lat' dir='ltr'>Apparet</span> <span class='ocrx_word' id='word_1_503' title='bbox 1178 2368 1234 2427; x_wconf 91' lang='lat' dir='ltr'>post</span> <span class='ocrx_word' id='word_1_504' title='bbox 1249 2364 1397 2415; x_wconf 74' lang='lat' dir='ltr'>clanculam</span> <span class='ocrx_word' id='word_1_505' title='bbox 1410 2365 1546 2425; x_wconf 84' lang='lat' dir='ltr'>excidisse,</span> <span class='ocrx_word' id='word_1_506' title='bbox 1561 2381 1642 2431; x_wconf 84' lang='lat' dir='ltr'>neque</span> <span class='ocrx_word' id='word_1_507' title='bbox 1654 2369 1782 2433; x_wconf 74' lang='lat' dir='ltr'>adiectiro</span> <span class='ocrx_word' id='word_1_508' title='bbox 1795 2373 1851 2422; x_wconf 80' lang='lat' dir='ltr'>sire</span> 
     </span>
     <span class='ocr_line' id='line_1_69' title="bbox 1058 2436 1851 2508; baseline 0.014 -24"><span class='ocrx_word' id='word_1_509' title='bbox 1058 2437 1202 2498; x_wconf 81' lang='grc' dir='ltr'>ιὺπέμτιολοι</span> <span class='ocrx_word' id='word_1_510' title='bbox 1213 2436 1266 2488; x_wconf 81' lang='lat' dir='ltr'>sive</span> <span class='ocrx_word' id='word_1_511' title='bbox 1279 2437 1400 2498; x_wconf 75' lang='grc' dir='ltr'>εὐάγγελοι</span> <span class='ocrx_word' id='word_1_512' title='bbox 1422 2451 1523 2488; x_wconf 80' lang='lat' dir='ltr'>sensum</span> <span class='ocrx_word' id='word_1_513' title='bbox 1534 2440 1627 2502; x_wconf 84' lang='lat' dir='ltr'>expleri</span> <span class='ocrx_word' id='word_1_514' title='bbox 1642 2455 1731 2503; x_wconf 84' lang='lat' dir='ltr'>posse,</span> <span class='ocrx_word' id='word_1_515' title='bbox 1749 2445 1795 2508; x_wconf 88' lang='lat' dir='ltr'>qui</span> <span class='ocrx_word' id='word_1_516' title='bbox 1804 2446 1851 2495; x_wconf 82' lang='lat' dir='ltr'>ati·</span> 
     </span>
     <span class='ocr_line' id='line_1_70' title="bbox 1058 2507 1850 2580; baseline 0.013 -24"><span class='ocrx_word' id='word_1_517' title='bbox 1058 2507 1118 2570; x_wconf 87' lang='lat' dir='ltr'>quid</span> <span class='ocrx_word' id='word_1_518' title='bbox 1130 2509 1193 2559; x_wconf 87' lang='lat' dir='ltr'>inter</span> <span class='ocrx_word' id='word_1_519' title='bbox 1206 2509 1290 2558; x_wconf 72' lang='lat' dir='ltr'>elsam*</span> <span class='ocrx_word' id='word_1_520' title='bbox 1299 2513 1325 2560; x_wconf 91' lang='lat' dir='ltr'>et</span> <span class='ocrx_word' id='word_1_521' title='bbox 1335 2512 1375 2559; x_wconf 79' lang='lat' dir='ltr'>ssi</span> <span class='ocrx_word' id='word_1_522' title='bbox 1389 2511 1445 2567; x_wconf 76' lang='grc' dir='ltr'>Ζεὺς</span> <span class='ocrx_word' id='word_1_523' title='bbox 1455 2514 1571 2576; x_wconf 88' lang='lat' dir='ltr'>postulat.</span> <span class='ocrx_word' id='word_1_524' title='bbox 1583 2513 1703 2576; x_wconf 78' lang='lat' dir='ltr'>Equidem</span> <span class='ocrx_word' id='word_1_525' title='bbox 1715 2515 1850 2580; x_wconf 85' lang='lat' dir='ltr'>legendum</span> 
     </span>
     <span class='ocr_line' id='line_1_71' title="bbox 1058 2580 1851 2650; baseline 0.015 -22"><span class='ocrx_word' id='word_1_526' title='bbox 1058 2584 1119 2643; x_wconf 90' lang='lat' dir='ltr'>puto</span> <span class='ocrx_word' id='word_1_527' title='bbox 1130 2582 1169 2630; x_wconf 84' lang='lat' dir='ltr'>vot</span> <span class='ocrx_word' id='word_1_528' title='bbox 1184 2580 1211 2631; x_wconf 76' lang='lat' dir='ltr'>sir</span> <span class='ocrx_word' id='word_1_529' title='bbox 1221 2585 1264 2643; x_wconf 80' lang='lat' dir='ltr'>pir</span> <span class='ocrx_word' id='word_1_530' title='bbox 1272 2587 1337 2633; x_wconf 74' lang='lat' dir='ltr'>estet</span> <span class='ocrx_word' id='word_1_531' title='bbox 1347 2583 1401 2635; x_wconf 78' lang='grc' dir='ltr'><strong>αὐτ.</strong></span> <span class='ocrx_word' id='word_1_532' title='bbox 1414 2585 1424 2648; x_wconf 83' lang='grc'><strong>(</strong></span> <span class='ocrx_word' id='word_1_533' title='bbox 1431 2587 1524 2635; x_wconf 83' lang='lat' dir='ltr'>stetim</span> <span class='ocrx_word' id='word_1_534' title='bbox 1536 2585 1607 2636; x_wconf 80' lang='lat' dir='ltr'>cobis</span> <span class='ocrx_word' id='word_1_535' title='bbox 1621 2585 1685 2637; x_wconf 82' lang='lat' dir='ltr'>bene</span> <span class='ocrx_word' id='word_1_536' title='bbox 1696 2590 1820 2640; x_wconf 79' lang='lat' dir='ltr'>succedet</span> <span class='ocrx_word' id='word_1_537' title='bbox 1832 2592 1851 2650; x_wconf 70' lang='lat' dir='ltr'>l,</span> 
     </span>
     <span class='ocr_line' id='line_1_72' title="bbox 1058 2653 1852 2726; baseline 0.015 -26"><span class='ocrx_word' id='word_1_538' title='bbox 1058 2653 1098 2702; x_wconf 87' lang='lat' dir='ltr'>rel</span> <span class='ocrx_word' id='word_1_539' title='bbox 1114 2653 1140 2702; x_wconf 76' lang='grc' dir='ltr'>εὖ</span> <span class='ocrx_word' id='word_1_540' title='bbox 1155 2654 1362 2708; x_wconf 66' lang='lat' dir='ltr'>sinceritatem.</span> <span class='ocrx_word' id='word_1_541' title='bbox 1375 2658 1582 2719; x_wconf 66' lang='lat' dir='ltr'>(sarmaticum</span> <span class='ocrx_word' id='word_1_542' title='bbox 1595 2672 1724 2724; x_wconf 80' lang='lat' dir='ltr'>prospere</span> <span class='ocrx_word' id='word_1_543' title='bbox 1733 2674 1852 2726; x_wconf 60' lang='lat' dir='ltr'>paope-</span> 
     </span>
     <span class='ocr_line' id='line_1_73' title="bbox 1060 2725 1849 2786; baseline 0.018 -14"><span class='ocrx_word' id='word_1_544' title='bbox 1060 2725 1120 2785; x_wconf 85' lang='lat' dir='ltr'>lor)</span> <span class='ocrx_word' id='word_1_545' title='bbox 1137 2725 1189 2775; x_wconf 91' lang='lat' dir='ltr'>:de</span> <span class='ocrx_word' id='word_1_546' title='bbox 1206 2739 1231 2774; x_wconf 85' lang='lat' dir='ltr'>r.</span> <span class='ocrx_word' id='word_1_547' title='bbox 1246 2727 1318 2775; x_wconf 74' lang='grc' dir='ltr'><strong>τελέω</strong></span> <span class='ocrx_word' id='word_1_548' title='bbox 1332 2726 1489 2779; x_wconf 87' lang='lat' dir='ltr'>intransitive</span> <span class='ocrx_word' id='word_1_549' title='bbox 1505 2743 1579 2781; x_wconf 88' lang='lat' dir='ltr'>sensu</span> <span class='ocrx_word' id='word_1_550' title='bbox 1591 2729 1642 2781; x_wconf 81' lang='lat' dir='ltr'>rid.</span> <span class='ocrx_word' id='word_1_551' title='bbox 1656 2731 1765 2784; x_wconf 85' lang='lat' dir='ltr'>Ellendt.</span> <span class='ocrx_word' id='word_1_552' title='bbox 1787 2737 1849 2786; x_wconf 77' lang='lat' dir='ltr'>Lex.</span> 
     </span>
     <span class='ocr_line' id='line_1_74' title="bbox 1059 2795 1854 2867; baseline 0.016 -23"><span class='ocrx_word' id='word_1_553' title='bbox 1059 2795 1134 2859; x_wconf 86' lang='lat' dir='ltr'>Soplr.</span> <span class='ocrx_word' id='word_1_554' title='bbox 1148 2810 1169 2846; x_wconf 91' lang='lat' dir='ltr'>s.</span> <span class='ocrx_word' id='word_1_555' title='bbox 1184 2809 1210 2847; x_wconf 81' lang='lat' dir='ltr'>v.</span> <span class='ocrx_word' id='word_1_556' title='bbox 1227 2799 1285 2848; x_wconf 84' lang='lat' dir='ltr'>llox</span> <span class='ocrx_word' id='word_1_557' title='bbox 1305 2800 1345 2848; x_wconf 78' lang='grc' dir='ltr'>καὶ</span> <span class='ocrx_word' id='word_1_558' title='bbox 1366 2802 1421 2855; x_wconf 74' lang='grc' dir='ltr'>Ζεὺς</span> <span class='ocrx_word' id='word_1_559' title='bbox 1432 2802 1539 2864; x_wconf 76' lang='grc' dir='ltr'>οὔριος...</span> <span class='ocrx_word' id='word_1_560' title='bbox 1552 2802 1646 2853; x_wconf 89' lang='lat' dir='ltr'>dictum</span> <span class='ocrx_word' id='word_1_561' title='bbox 1667 2805 1767 2867; x_wconf 87' lang='lat' dir='ltr'>poetico</span> <span class='ocrx_word' id='word_1_562' title='bbox 1780 2820 1854 2857; x_wconf 80' lang='lat' dir='ltr'>more</span> 
     </span>
     <span class='ocr_line' id='line_1_75' title="bbox 1060 2865 1847 2938; baseline 0.018 -23"><span class='ocrx_word' id='word_1_563' title='bbox 1060 2865 1091 2915; x_wconf 91' lang='lat' dir='ltr'>de</span> <span class='ocrx_word' id='word_1_564' title='bbox 1105 2866 1244 2918; x_wconf 77' lang='lat' dir='ltr'>felicissima</span> <span class='ocrx_word' id='word_1_565' title='bbox 1263 2868 1432 2931; x_wconf 82' lang='lat' dir='ltr'>navigatione;</span> <span class='ocrx_word' id='word_1_566' title='bbox 1448 2872 1499 2924; x_wconf 83' lang='lat' dir='ltr'>rid.</span> <span class='ocrx_word' id='word_1_567' title='bbox 1514 2875 1586 2924; x_wconf 84' lang='lat' dir='ltr'>Hom.</span> <span class='ocrx_word' id='word_1_568' title='bbox 1604 2877 1633 2926; x_wconf 93' lang='lat' dir='ltr'>ll.</span> <span class='ocrx_word' id='word_1_569' title='bbox 1647 2881 1677 2936; x_wconf 82' lang='lat' dir='ltr'>t,</span> <span class='ocrx_word' id='word_1_570' title='bbox 1688 2880 1754 2937; x_wconf 82' lang='grc'><strong>479;</strong></span> <span class='ocrx_word' id='word_1_571' title='bbox 1770 2880 1802 2938; x_wconf 80' lang='lat' dir='ltr'>tt,</span> <span class='ocrx_word' id='word_1_572' title='bbox 1815 2882 1847 2938; x_wconf 62' lang='grc' dir='ltr'>ις</span> 
     </span>
     <span class='ocr_line' id='line_1_76' title="bbox 1060 2937 1852 3013; baseline 0.016 -27"><span class='ocrx_word' id='word_1_573' title='bbox 1060 2937 1116 2988; x_wconf 88' lang='lat' dir='ltr'>coll.</span> <span class='ocrx_word' id='word_1_574' title='bbox 1131 2939 1174 2997; x_wconf 84' lang='lat' dir='ltr'>lx,</span> <span class='ocrx_word' id='word_1_575' title='bbox 1187 2951 1226 3002; x_wconf 87' lang='lat' dir='ltr'>ep.</span> <span class='ocrx_word' id='word_1_576' title='bbox 1242 2943 1265 2989; x_wconf 83' lang='lat'>9.</span> <span class='ocrx_word' id='word_1_577' title='bbox 1281 2939 1392 2992; x_wconf 82' lang='lat' dir='ltr'>cstmtm</span> <span class='ocrx_word' id='word_1_578' title='bbox 1406 2942 1519 3007; x_wconf 85' lang='lat' dir='ltr'>Phasslo,</span> <span class='ocrx_word' id='word_1_579' title='bbox 1528 2959 1553 2995; x_wconf 83' lang='lat' dir='ltr'>v.</span> <span class='ocrx_word' id='word_1_580' title='bbox 1566 2953 1596 2996; x_wconf 87' lang='lat'>20</span> <span class='ocrx_word' id='word_1_581' title='bbox 1611 2962 1618 2991; x_wconf 75' lang='grc' dir='ltr'>ι</span> <span class='ocrx_word' id='word_1_582' title='bbox 1633 2952 1689 2998; x_wconf 80' lang='lat' dir='ltr'>sire</span> <span class='ocrx_word' id='word_1_583' title='bbox 1700 2953 1852 3013; x_wconf 77' lang='lat' dir='ltr'>utramque</span> 
     </span>
     <span class='ocr_line' id='line_1_77' title="bbox 1059 3008 1851 3083; baseline 0.018 -27"><span class='ocrx_word' id='word_1_584' title='bbox 1059 3008 1163 3072; x_wconf 75' lang='lat' dir='ltr'>raperer</span> <span class='ocrx_word' id='word_1_585' title='bbox 1178 3013 1262 3061; x_wconf 84' lang='lat' dir='ltr'>simol</span> <span class='ocrx_word' id='word_1_586' title='bbox 1281 3014 1412 3064; x_wconf 72' lang='lat' dir='ltr'>sectandas</span> <span class='ocrx_word' id='word_1_587' title='bbox 1426 3015 1556 3068; x_wconf 72' lang='lat' dir='ltr'>institisset</span> <span class='ocrx_word' id='word_1_588' title='bbox 1573 3022 1601 3068; x_wconf 80' lang='lat' dir='ltr'>tn</span> <span class='ocrx_word' id='word_1_589' title='bbox 1608 3020 1715 3083; x_wconf 83' lang='lat' dir='ltr'>pedem.</span> <span class='ocrx_word' id='word_1_590' title='bbox 1737 3022 1798 3072; x_wconf 92' lang='lat' dir='ltr'>ldeo</span> <span class='ocrx_word' id='word_1_591' title='bbox 1815 3027 1851 3073; x_wconf 86' lang='lat' dir='ltr'>sic</span> 
     </span>
     <span class='ocr_line' id='line_1_78' title="bbox 1059 3082 1852 3155; baseline 0.018 -25"><span class='ocrx_word' id='word_1_592' title='bbox 1059 3082 1183 3131; x_wconf 85' lang='lat' dir='ltr'>Monetam</span> <span class='ocrx_word' id='word_1_593' title='bbox 1206 3083 1309 3133; x_wconf 74' lang='lat' dir='ltr'>vertisse</span> <span class='ocrx_word' id='word_1_594' title='bbox 1324 3086 1407 3136; x_wconf 90' lang='lat' dir='ltr'>malim</span> <span class='ocrx_word' id='word_1_595' title='bbox 1431 3107 1437 3138; x_wconf 81' lang='grc' dir='ltr'>ι</span> <span class='ocrx_word' id='word_1_596' title='bbox 1462 3092 1633 3151; x_wconf 61' lang='lat' dir='ltr'>impatientis</span> <span class='ocrx_word' id='word_1_597' title='bbox 1653 3092 1748 3155; x_wconf 82' lang='lat' dir='ltr'>dietis,</span> <span class='ocrx_word' id='word_1_598' title='bbox 1773 3109 1852 3144; x_wconf 86' lang='lat' dir='ltr'>mora</span> 
     </span>
     <span class='ocr_line' id='line_1_79' title="bbox 1059 3152 1463 3218; baseline 0.02 -18"><span class='ocrx_word' id='word_1_599' title='bbox 1059 3152 1147 3213; x_wconf 81' lang='lat' dir='ltr'>nullo,</span> <span class='ocrx_word' id='word_1_600' title='bbox 1163 3167 1180 3202; x_wconf 86' lang='lat' dir='ltr'>o</span> <span class='ocrx_word' id='word_1_601' title='bbox 1199 3168 1288 3218; x_wconf 85' lang='lat' dir='ltr'>puppe</span> <span class='ocrx_word' id='word_1_602' title='bbox 1304 3157 1463 3208; x_wconf 80' lang='lat' dir='ltr'>secandos..</span> 
     </span>
    </p>
   </div>
   <div class='ocr_carea' id='block_1_24' title="bbox 1059 3320 1852 3462">
    <p class='ocr_par' dir='ltr' id='par_1_26' title="bbox 1059 3320 1852 3462">
     <span class='ocr_line' id='line_1_80' title="bbox 1090 3320 1852 3394; baseline 0.024 -26"><span class='ocrx_word' id='word_1_603' title='bbox 1090 3349 1120 3359; x_wconf 93' lang='lat'><em>-</em></span> <span class='ocrx_word' id='word_1_604' title='bbox 1131 3320 1237 3370; x_wconf 81' lang='lat' dir='ltr'>cxcix.</span> <span class='ocrx_word' id='word_1_605' title='bbox 1251 3348 1281 3357; x_wconf 94' lang='lat'><em>-</em></span> <span class='ocrx_word' id='word_1_606' title='bbox 1295 3324 1346 3371; x_wconf 83' lang='lat' dir='ltr'>³·t.</span> <span class='ocrx_word' id='word_1_607' title='bbox 1370 3325 1422 3372; x_wconf 89' lang='lat' dir='ltr'>lloc</span> <span class='ocrx_word' id='word_1_608' title='bbox 1442 3323 1567 3377; x_wconf 86' lang='lat' dir='ltr'>ebrietatis</span> <span class='ocrx_word' id='word_1_609' title='bbox 1584 3335 1730 3394; x_wconf 82' lang='lat' dir='ltr'>syrnptoma</span> <span class='ocrx_word' id='word_1_610' title='bbox 1741 3332 1852 3386; x_wconf 82' lang='lat' dir='ltr'>illustrat</span> 
     </span>
     <span class='ocr_line' id='line_1_81' title="bbox 1059 3390 1814 3462; baseline 0.019 -24"><span class='ocrx_word' id='word_1_611' title='bbox 1059 3390 1233 3442; x_wconf 85' lang='lat' dir='ltr'>Boissonadius</span> <span class='ocrx_word' id='word_1_612' title='bbox 1245 3392 1269 3462; x_wconf 87' lang='lat' dir='ltr'>in</span> <span class='ocrx_word' id='word_1_613' title='bbox 1284 3393 1390 3444; x_wconf 86' lang='lat' dir='ltr'>Hierocl.</span> <span class='ocrx_word' id='word_1_614' title='bbox 1404 3397 1487 3458; x_wconf 77' lang='grc' dir='ltr'>Φιλὸγ.</span> <span class='ocrx_word' id='word_1_615' title='bbox 1507 3412 1529 3459; x_wconf 93' lang='lat' dir='ltr'>p.</span> <span class='ocrx_word' id='word_1_616' title='bbox 1547 3403 1599 3460; x_wconf 77' lang='lat' dir='ltr'>tlt,</span> <span class='ocrx_word' id='word_1_617' title='bbox 1615 3400 1642 3452; x_wconf 91' lang='lat' dir='ltr'>h.</span> <span class='ocrx_word' id='word_1_618' title='bbox 1655 3402 1672 3452; x_wconf 96' lang='lat' dir='ltr'>l.</span> <span class='ocrx_word' id='word_1_619' title='bbox 1688 3404 1814 3454; x_wconf 82' lang='lat' dir='ltr'>laudans.</span> 
     </span>
    </p>
   </div>
   <div class='ocr_carea' id='block_1_25' title="bbox 1059 3530 1852 3817">
    <p class='ocr_par' dir='ltr' id='par_1_27' title="bbox 1059 3530 1852 3817">
     <span class='ocr_line' id='line_1_82' title="bbox 1090 3530 1852 3602; baseline 0.031 -23"><span class='ocrx_word' id='word_1_620' title='bbox 1090 3530 1186 3581; x_wconf 73' lang='lat' dir='ltr'>cnl’.</span> <span class='ocrx_word' id='word_1_621' title='bbox 1196 3532 1289 3582; x_wconf 78' lang='lat' dir='ltr'>xlll.</span> <span class='ocrx_word' id='word_1_622' title='bbox 1298 3561 1329 3571; x_wconf 94' lang='lat'><em>-</em></span> <span class='ocrx_word' id='word_1_623' title='bbox 1338 3538 1403 3586; x_wconf 88' lang='lat' dir='ltr'>lllll.</span> <span class='ocrx_word' id='word_1_624' title='bbox 1416 3567 1445 3578; x_wconf 91' lang='lat'><em>-</em></span> <span class='ocrx_word' id='word_1_625' title='bbox 1458 3543 1482 3587; x_wconf 89' lang='grc'>3.</span> <span class='ocrx_word' id='word_1_626' title='bbox 1500 3539 1693 3599; x_wconf 71' lang='lat' dir='ltr'>certamnen.</span> <span class='ocrx_word' id='word_1_627' title='bbox 1707 3546 1735 3596; x_wconf 92' lang='lat' dir='ltr'>in</span> <span class='ocrx_word' id='word_1_628' title='bbox 1744 3549 1852 3602; x_wconf 73' lang='lat' dir='ltr'>theoct.</span> 
     </span>
     <span class='ocr_line' id='line_1_83' title="bbox 1060 3602 1849 3675; baseline 0.033 -26"><span class='ocrx_word' id='word_1_629' title='bbox 1060 3616 1083 3667; x_wconf 95' lang='lat' dir='ltr'>p.</span> <span class='ocrx_word' id='word_1_630' title='bbox 1100 3607 1143 3652; x_wconf 81' lang='lat'>198</span> <span class='ocrx_word' id='word_1_631' title='bbox 1158 3602 1200 3652; x_wconf 85' lang='lat' dir='ltr'>alt.</span> <span class='ocrx_word' id='word_1_632' title='bbox 1217 3604 1277 3653; x_wconf 88' lang='lat' dir='ltr'>edit.</span> <span class='ocrx_word' id='word_1_633' title='bbox 1296 3606 1340 3655; x_wconf 89' lang='lat' dir='ltr'>ubi</span> <span class='ocrx_word' id='word_1_634' title='bbox 1351 3605 1482 3670; x_wconf 85' lang='lat' dir='ltr'>adscripsit</span> <span class='ocrx_word' id='word_1_635' title='bbox 1499 3611 1650 3675; x_wconf 86' lang='lat' dir='ltr'>epigramma</span> <span class='ocrx_word' id='word_1_636' title='bbox 1667 3629 1704 3665; x_wconf 73' lang='lat' dir='ltr'>ex</span> <span class='ocrx_word' id='word_1_637' title='bbox 1718 3622 1849 3674; x_wconf 69' lang='lat' dir='ltr'>antholo-</span> 
     </span>
     <span class='ocr_line' id='line_1_84' title="bbox 1059 3675 1851 3756; baseline 0.025 -32"><span class='ocrx_word' id='word_1_638' title='bbox 1059 3677 1103 3737; x_wconf 81' lang='lat' dir='ltr'>pla</span> <span class='ocrx_word' id='word_1_639' title='bbox 1121 3675 1176 3724; x_wconf 82' lang='lat' dir='ltr'>MS.</span> <span class='ocrx_word' id='word_1_640' title='bbox 1193 3695 1205 3717; x_wconf 74' lang='lat' dir='ltr'>a</span> <span class='ocrx_word' id='word_1_641' title='bbox 1221 3676 1250 3724; x_wconf 94' lang='lat' dir='ltr'>ln</span> <span class='ocrx_word' id='word_1_642' title='bbox 1261 3675 1311 3736; x_wconf 87' lang='lat' dir='ltr'>his,</span> <span class='ocrx_word' id='word_1_643' title='bbox 1326 3677 1371 3738; x_wconf 83' lang='lat' dir='ltr'>ait,</span> <span class='ocrx_word' id='word_1_644' title='bbox 1384 3680 1476 3736; x_wconf 71' lang='grc' dir='ltr'>ἐστησα</span> <span class='ocrx_word' id='word_1_645' title='bbox 1485 3683 1586 3746; x_wconf 81' lang='lat' dir='ltr'>scripsi,</span> <span class='ocrx_word' id='word_1_646' title='bbox 1607 3699 1650 3747; x_wconf 92' lang='lat' dir='ltr'>pro</span> <span class='ocrx_word' id='word_1_647' title='bbox 1663 3687 1763 3753; x_wconf 69' lang='grc' dir='ltr'>ἔστησε,</span> <span class='ocrx_word' id='word_1_648' title='bbox 1783 3695 1851 3756; x_wconf 87' lang='lat' dir='ltr'>quod</span> 
     </span>
     <span class='ocr_line' id='line_1_85' title="bbox 1059 3746 1609 3817; baseline 0.015 -22"><span class='ocrx_word' id='word_1_649' title='bbox 1059 3758 1129 3796; x_wconf 89' lang='lat' dir='ltr'>meus</span> <span class='ocrx_word' id='word_1_650' title='bbox 1143 3746 1229 3796; x_wconf 85' lang='lat' dir='ltr'>saltem</span> <span class='ocrx_word' id='word_1_651' title='bbox 1239 3749 1333 3809; x_wconf 78' lang='lat' dir='ltr'>pretet</span> <span class='ocrx_word' id='word_1_652' title='bbox 1344 3750 1405 3800; x_wconf 85' lang='lat' dir='ltr'>cod.</span> <span class='ocrx_word' id='word_1_653' title='bbox 1420 3753 1580 3817; x_wconf 83' lang='lat' dir='ltr'>apographus.</span> <span class='ocrx_word' id='word_1_654' title='bbox 1598 3775 1609 3797; x_wconf 73' lang='lat' dir='ltr'>s</span> 
     </span>
    </p>
   </div>
   <div class='ocr_carea' id='block_1_26' title="bbox 1090 3882 1852 3963">
    <p class='ocr_par' dir='ltr' id='par_1_28' title="bbox 1090 3882 1852 3963">
     <span class='ocr_line' id='line_1_86' title="bbox 1090 3882 1852 3963; baseline 0.026 -30"><span class='ocrx_word' id='word_1_655' title='bbox 1090 3882 1188 3934; x_wconf 70' lang='grc' dir='ltr'><strong>(ἋΡ.</strong></span> <span class='ocrx_word' id='word_1_656' title='bbox 1203 3886 1293 3936; x_wconf 67' lang='lat' dir='ltr'>xlv.</span> <span class='ocrx_word' id='word_1_657' title='bbox 1305 3916 1335 3927; x_wconf 96' lang='lat'><em>-</em></span> <span class='ocrx_word' id='word_1_658' title='bbox 1344 3889 1373 3937; x_wconf 83' lang='lat' dir='ltr'>C.</span> <span class='ocrx_word' id='word_1_659' title='bbox 1385 3890 1500 3939; x_wconf 88' lang='lat' dir='ltr'>-Plura</span> <span class='ocrx_word' id='word_1_660' title='bbox 1510 3892 1565 3942; x_wconf 86' lang='lat' dir='ltr'>vide</span> <span class='ocrx_word' id='word_1_661' title='bbox 1575 3892 1599 3941; x_wconf 91' lang='lat' dir='ltr'>in</span> <span class='ocrx_word' id='word_1_662' title='bbox 1610 3895 1709 3946; x_wconf 84' lang='lat' dir='ltr'>ntnlleri</span> <span class='ocrx_word' id='word_1_663' title='bbox 1722 3899 1852 3963; x_wconf 78' lang='lat' dir='ltr'>Fregmm.</span> 
     </span>
    </p>
   </div>
   <div class='ocr_carea' id='block_1_27' title="bbox 1060 3953 1851 4091">
    <p class='ocr_par' dir='ltr' id='par_1_29' title="bbox 1060 3953 1851 4091">
     <span class='ocr_line' id='line_1_87' title="bbox 1060 3953 1851 4091; baseline 0.03 -88"><span class='ocrx_word' id='word_1_664' title='bbox 1060 3953 1282 4091; x_wconf 48' lang='lat' dir='ltr'>Hssgssr&#39;pgrsscp&#39;f&#39;</span> <span class='ocrx_word' id='word_1_665' title='bbox 1300 3962 1342 4019; x_wconf 82' lang='lat' dir='ltr'>lv,</span> <span class='ocrx_word' id='word_1_666' title='bbox 1361 3975 1384 4023; x_wconf 90' lang='lat' dir='ltr'>p.</span> <span class='ocrx_word' id='word_1_667' title='bbox 1405 3964 1450 4011; x_wconf 74' lang='lat'>0³7</span> <span class='ocrx_word' id='word_1_668' title='bbox 1467 3962 1546 4024; x_wconf 79' lang='lat' dir='ltr'>(nod.</span> <span class='ocrx_word' id='word_1_669' title='bbox 1567 3968 1592 4015; x_wconf 95' lang='lat' dir='ltr'>et</span> <span class='ocrx_word' id='word_1_670' title='bbox 1609 3968 1699 4030; x_wconf 81' lang='lat' dir='ltr'>corrig.</span> <span class='ocrx_word' id='word_1_671' title='bbox 1714 3970 1742 4021; x_wconf 89' lang='lat' dir='ltr'>ln</span> <span class='ocrx_word' id='word_1_672' title='bbox 1756 3977 1811 4026; x_wconf 73' lang='lat' dir='ltr'>vol.</span> <span class='ocrx_word' id='word_1_673' title='bbox 1831 3977 1851 4034; x_wconf 79' lang='lat' dir='ltr'>i,</span> 
     </span>
     <span class='ocr_line' id='line_1_88' title="bbox 1061 4038 1184 4087; baseline 0.024 -16"><span class='ocrx_word' id='word_1_674' title='bbox 1061 4038 1084 4087; x_wconf 88' lang='lat' dir='ltr'>p.</span> <span class='ocrx_word' id='word_1_675' title='bbox 1133 4062 1140 4087; x_wconf 92' lang='lat'>‚</span> <span class='ocrx_word' id='word_1_676' title='bbox 1165 4039 1184 4074; x_wconf 92' lang='lat' dir='ltr'>r.</span> 
     </span>
    </p>
   </div>
   <div class='ocr_carea' id='block_1_28' title="bbox 0 0 1920 5910">
    <p class='ocr_par' dir='ltr' id='par_1_30' title="bbox 0 0 1920 5910">
     <span class='ocr_line' id='line_1_89' title="bbox 0 0 1920 5910; baseline 0 0"><span class='ocrx_word' id='word_1_677' title='bbox 0 0 1920 5910; x_wconf 95' lang='lat' dir='ltr'> </span> 
     </span>
    </p>
   </div>
  </div>
 </body>
</html>
