3810 5910
100 363 120 377 ,
241 346 1316 375 ...---—..fflm,=-,-—-=
1317 337 1646 370 .........

57 576 62 585 ’
183 585 570 700 AMBROSIUS
613 584 938 702 FIRMlNUS
982 587 1197 701 DlllOT
1240 585 1567 700 LECTORI.

143 1115 336 1183 Secundum
344 1117 409 1184 hoc
423 1115 636 1204 Anthclogiae
650 1116 807 1183 Palatina
818 1116 990 1201 volumen,
1002 1116 1184 1181 immatura
1194 1114 1360 1181 Frederici
1369 1113 1517 1180 Dubncri
1532 1116 1651 1196 morte,

98 1233 165 1290 tres
184 1222 312 1289 abhinc
328 1244 435 1289 annos
444 1275 453 1307 ,
472 1225 725 1308 intermissum,
742 1223 787 1289 ab
800 1222 942 1290 eruditis
957 1222 1155 1289 hominibus
1169 1221 1229 1310 qui
1244 1227 1367 1288 nostrae
1380 1218 1588 1289 Bibliotheca
1601 1220 1652 1285 fa-

97 1337 178 1397 vent
192 1330 320 1398 diutius
340 1330 524 1418 exspectari
541 1329 648 1396 nolui.
665 1334 779 1419 Neque
793 1351 874 1396 vero
896 1334 967 1397 mm
980 1329 1077 1417 longi
1088 1326 1260 1393 intervalli
1272 1348 1383 1394 moras
1397 1325 1535 1393 crimini
1548 1330 1653 1393 vertet

97 1444 156 1502 aut
173 1436 354 1503 mirabitur
377 1437 438 1524 qui
458 1437 542 1503 sciet
566 1436 718 1503 Dubneri
733 1460 848 1521 curas,
864 1458 932 1525 quo
951 1442 1103 1527 tempore
1125 1433 1285 1520 decessit,
1305 1455 1373 1500 non
1392 1433 1484 1500 ultra
1501 1436 1653 1500 exactum
1711 1488 1715 1493 .

98 1567 174 1633 cap.
191 1547 257 1610 xlv
275 1549 525 1610 consummatas
539 1544 660 1628 suisse3
677 1545 826 1634 capitum
841 1546 895 1610 xv
907 1547 941 1609 et
953 1546 1021 1611 llVl
1035 1546 1163 1609 textum
1175 1540 1410 1607 tantummodo
1424 1539 1495 1606 lere
1510 1543 1548 1605 ut
1562 1560 1653 1606 nuno

97 1653 224 1739 legitur
245 1652 451 1739 impressum
478 1673 486 1716 :
508 1652 780 1735 annotationem,
807 1650 931 1741 prioris
958 1650 1175 1740 impressam,
1196 1668 1266 1714 non
1285 1651 1488 1733 correctam,
1513 1646 1652 1713 alterius

99 1764 202 1825 totam
220 1757 371 1824 Dubneri
385 1779 489 1823 manu
503 1757 723 1847 descriptam,
741 1756 799 1823 sed
813 1757 995 1847 typothetis
1009 1755 1160 1824 nondum
1175 1753 1349 1838 traditam3
1366 1752 1496 1820 indices
1507 1751 1654 1841 denique

97 1864 389 1952 Epigrammatum
408 1868 441 1929 et
455 1868 632 1932 Poetarum
646 1886 715 1930 non
734 1862 835 1937 modo
849 1884 917 1929 non
931 1862 1124 1946 inchoatos,
1141 1868 1175 1928 at
1193 1882 1236 1926 ne
1256 1865 1426 1949 susceptos
1440 1857 1597 1948 quidem,
1615 1863 1654 1924 ut

99 1971 244 2058 quinon
259 1970 325 2036 nisi
338 1971 438 2037 tertio
453 1970 619 2041 volumini
638 1970 798 2040 accedere
811 1968 985 2037 deberent.
1003 1973 1082 2048 Qus
1097 1968 1156 2034 uhi
1175 1967 1261 2034 mihi
1280 1967 1435 2055 cognita,
1451 1986 1523 2032 rem
1536 1966 1655 2055 incep‹
1781 1982 1784 1997 ·
1890 1962 1896 1979 “

101 2082 169 2141 tarn
192 2076 234 2142 ad
255 2076 379 2143 'exitum
394 2075 581 2166 perducere
602 2075 747 2144 decrevi.
765 2081 880 2165 ltaque
904 2078 960 2144 vix
980 2076 1098 2165 paucis
1112 2074 1300 2160 interjectis
1316 2071 1510 2156 mensibus,
1527 2076 1654 2161 quanto

99 2181 210 2247 studio
237 2187 429 2271 quantaque
455 2182 530 2248 fieri
546 2183 658 2272 potuit
679 2183 876 2271 diligentia,
895 2204 999 2272 opera
1015 2180 1095 2248 data
1110 2184 1160 2248 est
1178 2184 1216 2245 ut
1231 2200 1325 2267 spem
1344 2178 1501 2267 promissi
1517 2176 1651 2244 dudum

98 2288 281 2353 voluminis
296 2288 434 2355 effectus
449 2288 617 2374 firmaret,
634 2290 705 2356 imo
719 2293 895 2378 superaret
903 2342 912 2373 ,
925 2289 1067 2357 adsertis
1082 2309 1203 2376 nempe
1218 2289 1253 2351 in
1271 2286 1413 2352 auctarii
1428 2284 1566 2351 modum
1580 2285 1654 2371 qui-

97 2393 240 2461 busdam
254 2400 287 2460 et
307 2396 595 2482 epigrammatum
610 2399 645 2461 et
661 2396 919 2463 annotationum
936 2394 1193 2475 additamentis,
1211 2392 1419 2481 adjectisque
1438 2390 1572 2457 duobus
1589 2392 1651 2475 iis,

97 2520 181 2588 quos
195 2498 283 2581 dixi,
309 2499 482 2566 indicibus
499 2524 507 2565 :
524 2499 650 2589 quibus
663 2500 882 2568 conficiendis
896 2507 934 2567 ut
948 2501 1093 2568 multum
1107 2499 1269 2588 temporis
1287 2498 1499 2587 impensum,
1516 2498 1563 2562 ita
1585 2520 1652 2563 non

96 2625 219 2693 parum
233 2605 390 2672 utilitatis
405 2628 445 2673 ex
466 2606 524 2690 iis,
544 2607 666 2691 credo,
689 2606 880 2697 percipient
902 2608 1108 2698 quicumque
1132 2614 1284 2674 nostram
1305 2605 1394 2671 hanc
1413 2603 1651 2691 anthologiam

97 2708 256 2776 manibus
271 2712 437 2777 versaturi
452 2717 540 2777 sunt.
557 2715 728 2801 Namque,
744 2718 781 2779 ut
804 2712 846 2779 de
862 2714 976 2804 priore
990 2718 1122 2780 tantum
1137 2713 1269 2802 loquar,
1291 2711 1412 2778 melior
1431 2708 1489 2776 hic
1512 2708 1653 2775 oonsilio

96 2816 288 2900 institutus,
309 2838 413 2906 quam
427 2818 486 2905 qui
503 2821 593 2883 tomo
608 2818 708 2885 tertio
721 2819 879 2886 editionis
892 2818 1098 2888 Jacobsianae
1111 2818 1260 2903 additur,
1275 2816 1401 2884 scilicet
1416 2837 1484 2881 non
1500 2813 1545 2881 ad
1559 2814 1652 2881 volu·

98 2942 176 2987 men
197 2928 230 2987 et
243 2924 426 3011 paginam,
443 2922 501 2989 sed
516 2924 560 2991 ad
579 2924 692 3012 capita
710 2928 744 2991 et
765 2946 925 2992 numeros
941 2925 1249 3016 epigrammatum,
1265 2924 1408 2990 lectores
1432 2920 1598 3004 reserens,
1619 2932 1652 2987 et

95 3027 259 3118 cqiusque
282 3030 539 3117 epigrammatis
561 3030 667 3118 primi
681 3053 799 3100 versus
819 3032 932 3120 prima
947 3032 1070 3115 verba,
1092 3053 1161 3099 non
1178 3052 1218 3097 ex
1231 3035 1346 3096 nostra
1365 3027 1464 3094 modo
1483 3027 1649 3112 editione,

95 3134 154 3201 scd
168 3157 208 3200 ex
221 3135 325 3201 variis
339 3135 560 3221 lectionibus,
575 3136 758 3223 exhibens,
778 3138 989 3205 diversarum
1005 3136 1192 3204 editionum
1206 3138 1320 3226 aliquo
1335 3135 1435 3201 niodo
1446 3135 1650 3201 ccaccrdcu·

94 3239 175 3308 &cm
188 3241 391 3330 suppeditat.

139 3366 294 3430 Ceterum
315 3363 357 3430 de
374 3365 503 3431 ratione
522 3366 663 3454 hujusce
690 3366 875 3434 voluminis
895 3368 1033 3455 longius
1050 3368 1180 3457 profari
1193 3388 1261 3434 non
1277 3367 1314 3433 in
1329 3366 1444 3432 animo
1457 3369 1524 3448 est,
1542 3386 1649 3453 quum

94 3470 207 3559 ample
220 3476 254 3536 et
272 3471 449 3560 perspicue
468 3471 648 3539 Dnbnerus
661 3474 699 3539 in
721 3474 826 3563 primi
840 3474 1037 3542 Praelatione
1051 3474 1093 3540 dc
1107 3480 1274 3564 apparatu
1295 3473 1465 3540 librorum
1480 3471 1649 3538 subsidio-

92 3597 238 3664 rumquc
252 3575 377 3663 quibus
394 3598 474 3642 usus
489 3583 554 3663 est,
571 3578 660 3645 etde
678 3580 778 3647 sociis
792 3579 846 3645 sui
858 3578 1006 3665 laboris,
1019 3580 1226 3647 disseruerit.
1249 3580 1336 3647 Satis
1351 3580 1394 3645 sit
1410 3578 1597 3661 monuisse,
1614 3579 1649 3643 in

93 3683 159 3766 eis,
176 3703 254 3772 qna
267 3682 489 3751 emendanda
502 3690 719 3775 supererant,
743 3685 894 3753 Dubneri
912 3686 1189 3754 annotationibus
1210 3707 1279 3752 non
1296 3685 1381 3752 adeo
1400 3685 1514 3751 nimias
1534 3683 1648 3749 brevi·

92 3790 169 3874 tati,
188 3810 291 3878 quam
306 3790 379 3877 ipse
393 3789 627 3875 affectaverat,
646 3792 843 3859 consultum
851 3792 973 3877 tuisse3
990 3792 1049 3860 sed
1064 3794 1234 3882 plurima,
1251 3793 1321 3859 sive
1336 3791 1381 3859 ad
1392 3790 1578 3858 lectionum
1593 3814 1649 3857 va-

93 3898 265 3980 rietatem,
288 3896 357 3961 sivc
372 3896 417 3964 ad
433 3918 488 3964 res
510 3902 543 3963 et
559 3897 745 3965 verborum
763 3919 900 3965 sensum
914 3900 1119 3988 spectantia,
1139 3921 1157 3966 e
1171 3898 1280 3987 copiis
1295 3899 1511 3987 potissimum
1528 3898 1648 3965 lacob-

90 4002 211 4080 sianis‚
233 4022 318 4091 quas
332 4001 390 4067 ille
409 4002 596 4090 parciusue
612 4005 868 4093 properantius,
885 4006 927 4070 in
938 4026 980 4072 ea
993 4011 1083 4071 certe
1105 4006 1216 4093 operis
1230 4004 1284 4071 sui
1298 4009 1411 4093 parte,
1426 4004 1646 4089 delibaverat,

90 4107 213 4173 collata
233 4128 324 4190 esse,
340 4129 408 4196 quo
426 4110 689 4176 commentarius
706 4110 902 4177 instructior
915 4120 948 4177 et
961 4112 1112 4177 ornatior
1125 4109 1294 4176 evaderet.
1313 4109 1408 4187 Quod
1419 4110 1450 4177 si
1462 4109 1507 4177 ad
1523 4110 1648 4177 Omissa

90 4215 279 4301 prasertim
295 4212 360 4303 (de
375 4215 501 4303 quibus
521 4237 584 4301 suo
603 4217 678 4282 loco
694 4216 823 4283 dictum
838 4217 906 4307 est)
920 4217 1096 4306 aliquanto
1110 4218 1219 4282 fusius
1234 4236 1338 4306 quam
1353 4217 1389 4281 in
1409 4216 1529 4283 ceteris
1542 4237 1648 4283 anno-

89 4325 198 4384 tatum
213 4328 280 4402 est,
304 4321 351 4385 ita
364 4319 490 4387 factum
507 4321 605 4388 crede
619 4326 692 4387 turn
707 4323 790 4410 quia
802 4323 853 4389 ihi
875 4324 982 4389 multa
1008 4324 1295 4411 interpretationis
1313 4322 1429 4389 arduae
1447 4328 1561 4408 erant,
1574 4328 1647 4388 tum

88 4445 130 4490 eo
143 4425 236 4513 quod
249 4426 285 4491 in
301 4425 429 4491 ultimis
445 4427 586 4493 liberius
600 4429 737 4516 paginis
756 4429 904 4516 spatium
925 4428 1123 4497 excurrendi
1141 4428 1355 4519 suppetebat.
1372 4432 1485 4519 Neque
1500 4427 1598 4495 aliter
1611 4431 1646 4494 in

88 4533 309 4618 stereotypis,
328 4554 473 4620 quorum
500 4556 574 4623 cap.
596 4538 636 4600 lll
658 4537 830 4622 integrum
853 4541 887 4603 et
910 4536 1077 4625 quasdam
1103 4536 1187 4603 alias
1206 4536 1244 4602 in
1266 4540 1464 4602 transcursu
1488 4534 1647 4625 plagulas

88 4636 266 4702 Dubnerus
281 4643 536 4722 retractaverat,
551 4640 704 4728 plurima
715 4641 769 4707 vel
779 4648 856 4729 post
866 4642 966 4708 illum
977 4643 1157 4709 emendata
1170 4648 1268 4727 sunt,
1284 4641 1452 4708 nonnulla
1462 4640 1593 4721 leviter,
1609 4650 1648 4708 ut

89 4764 151 4830 par
175 4748 248 4808 erat
271 4741 481 4832 licebatque,
499 4747 697 4830 immutata,
718 4747 923 4837 quandoque
944 4749 1004 4815 ille
1023 4755 1082 4816 aut
1103 4749 1303 4815 humanitus
1319 4748 1484 4814 erravisse
1499 4749 1646 4815 autsuis

86 4848 300 4937 aliorumque
316 4851 515 4937 conjecturis
531 4853 676 4918 nimium
691 4855 891 4928 concessisse
906 4855 1013 4939 visus;
1026 4856 1111 4938 alia,
1128 4854 1186 4919 ubi
1204 4854 1288 4943 quid
1302 4854 1365 4919 loci
1381 4855 1417 4919 in
1431 4859 1547 4943 aperto
1560 4861 1643 4939 erat,

23 5022 27 5027 ,
86 4957 258 5042 apposita,
277 4956 378 5021 modo
394 4957 446 5021 vel
461 4958 642 5025 minimum
660 4960 814 5028 utilitatis
833 4960 960 5029 hahere
976 4968 1122 5051 possent.

132 5099 172 5162 Ut
191 5099 302 5184 primo
325 5099 489 5164 volumini
506 5102 652 5187 pretium
676 5123 787 5191 operae
803 5103 948 5169 Jacobsii
968 5104 1210 5191 Prolegomena
1231 5104 1364 5169 minora
1378 5124 1576 5191 proponere
1592 5104 1643 5167 vi·
1763 5174 1768 5183 ,
1851 5174 1856 5187 ,

85 5220 163 5266 sum
183 5208 248 5286 est,
270 5205 316 5269 ita
329 5202 411 5268 huic
426 5208 576 5292 Hugonis
590 5209 693 5273 Grotii
711 5231 718 5246 ·
736 5230 803 5274 non
819 5209 954 5296 integra
970 5231 1009 5276 ea
1027 5210 1184 5298 quidem,
1200 5214 1238 5274 ut
1253 5209 1394 5275 minoris
1409 5209 1641 5289 emolumenti,

738 5398 1006 5507 saccis-:e
