3810 5910
336 705 424 806 ax
464 701 750 807 ancoris
788 700 1011 804 onorii
1051 652 1569 804 rnorncounnrs.

328 943 477 1007 (Descripta
493 941 547 990 haec
561 954 592 990 ex
606 939 757 1002 anthologia*
769 951 856 1001 graecas
869 937 901 987 ab
916 938 1064 1000 Hieronymo
1072 937 1103 988 de
1119 936 1197 986 Bosch
1211 937 1285 987 editae
1301 944 1359 987 torn.
1376 940 1395 995 1,
1410 953 1433 1001 p.
1443 939 1581 997 XVI-XX.)

819 1119 1075 1142 “oo—-

190 1340 251 1357 .....
278 1297 417 1353 Omnium
442 1294 561 1371 explere
580 1290 742 1362 desideria,
769 1303 797 1347 et
820 1288 935 1348 abstru-

145 1398 229 1455 siora
249 1411 370 1471 quoque
385 1392 538 1457 evolvere,
560 1388 624 1466 ejus
639 1389 678 1447 sit
692 1388 740 1446 cui
765 1387 892 1464 plurima
908 1401 937 1444 et

145 1496 244 1570 legere
259 1492 381 1550 antehac
402 1489 551 1548 vacaverit
569 1501 598 1545 et
612 1485 741 1544 scrihere
756 1484 934 1542 nuncetiam

144 1603 241 1649 uacet.
257 1587 293 1646 Et
307 1586 391 1665 cujus
404 1586 501 1664 potius
515 1584 570 1642 hoc
585 1597 732 1660 ternpore,
748 1602 835 1659 quam
850 1581 935 1639 Clau-

147 1691 191 1748 dii
208 1686 367 1757 Salmasii,
384 1685 440 1741 viri
465 1684 495 1741 in
515 1682 561 1740 his
575 1680 681 1739 studiis
693 1680 934 1748 eminentissimi,

147 1802 177 1845 et
193 1786 245 1864 qui
260 1783 350 1860 hujus
365 1801 460 1859 operas
479 1779 593 1857 pridem
613 1797 652 1836 ex
667 1777 864 1854 chirographo
879 1797 935 1855 pu·

147 1886 229 1943 blico
249 1896 293 1942 est
318 1878 447 1949 debitor,
473 1878 619 1952 simulque
645 1873 772 1933 addendi
800 1895 934 1952 magnam

147 1983 393 2064 epigrammatum
415 1974 539 2032 aliorum
555 1971 669 2050 copiam
691 1991 728 2028 ex
745 1972 801 2043 iis,
818 1990 890 2048 quas
906 1973 936 2028 in

149 2075 330 2135 bibliotheca
351 2071 484 2130 Palatina
504 2068 596 2138 vidit,
612 2066 840 2125 collectionibus
858 2068 935 2124 anti-

149 2176 235 2251 quis,
251 2167 392 2245 Meleagri
409 2167 559 2246 primurn,
579 2164 648 2222 inde
663 2164 812 2241 Philippi,
831 2164 938 2221 deinde

149 2269 299 2346 agathiae?
332 2258 404 2323 Nam
430 2283 495 2341 quas
523 2262 640 2336 vulgata
668 2273 710 2317 est
732 2259 886 2330 hactenus,
908 2273 936 2317 et

148 2385 236 2443 qrtam
249 2383 300 2421 nos
310 2380 425 2420 versam
437 2356 625 2425 exhibemus,
638 2376 654 2413 a
666 2354 794 2413 Maximo
807 2355 936 2412 Planudc

148 2472 208 2528 est,
225 2460 275 2534 epti
291 2477 327 2514 ex
343 2455 435 2514 tribus
446 2454 508 2512 illis
522 2453 624 2527 selegit
638 2470 703 2526 quae
717 2450 827 2520 voluit,
846 2452 936 2527 inque

147 2552 243 2613 libros
262 2567 393 2628 septem,
415 2565 444 2608 et
468 2549 628 2627 dispositos
655 2549 805 2606 literarum
832 2547 936 2605 ordine

148 2649 264 2720 titulos,
288 2648 422 2722 digessit.
439 2645 603 2702 Consilium
630 2643 759 2701 Planudi
778 2644 832 2701 luit
848 2644 935 2700 omit·

147 2757 211 2804 tere
224 2743 356 2822 plebeia,
369 2742 468 2818 qualia
484 2756 578 2797 tamen
589 2738 703 2816 judicio
716 2740 853 2816 deceptus
868 2740 937 2797 reli·

149 2842 216 2919 quit
238 2860 296 2898 non
312 2860 425 2918 pauca:
442 2855 571 2897 resecare
587 2836 695 2915 impia,
707 2836 871 2914 cujusmodi
887 2837 936 2894 iti-

147 2937 214 2996 dem
237 2936 398 3006 nonnulla,
423 2933 584 3012 praesertim
612 2932 752 3008 Diogenis
775 2931 885 2989 Laertii
909 2944 938 2989 et

147 3035 286 3107 Pallade,
300 3034 483 3110 ignorantem
495 3045 613 3088 autnon
627 3029 829 3088 observantem
843 3042 936 3087 trans·

148 3134 246 3192 ierunt
279 3158 286 3189 ι
312 3150 449 3190 amovere
473 3147 592 3207 quoque
616 3126 816 3205 ajttventutis
842 3126 937 3185 oculis

149 3230 309 3301 obscoena,
321 3242 350 3287 et
363 3227 453 3305 hujus
477 3239 573 3284 tamen
594 3243 697 3283 census
715 3223 864 3301 quaedam,
887 3224 936 3280 sed

149 3327 305 3403 figuratius
332 3325 429 3395 dicta,
459 3323 655 3399 irrepserunt.
686 3320 749 3393 Ego
780 3319 811 3376 in
840 3318 936 3376 alieno

151 3441 243 3501 opere
266 3420 340 3479 nihil
365 3439 454 3478 ausus
472 3438 535 3475 sum
551 3417 695 3474 omittere.
720 3414 836 3472 Lectori
854 3428 935 3491 opto,

149 3533 182 3577 ut
196 3520 240 3576 sic
257 3538 291 3577 ea
305 3519 399 3593 legat,
415 3517 490 3575 sicut
505 3512 656 3571 Menandri
671 3511 814 3569 Thaidem
830 3512 937 3569 Paulus

151 3614 313 3692 apostolus
345 3614 394 3688 (Ἰ.
430 3611 533 3668 Videat
561 3629 625 3666 cum
653 3605 771 3679 dolore,
795 3621 936 3684 quantum

149 3711 251 3768 luxata
267 3710 355 3768 luerit
368 3710 456 3766 etiam
473 3709 551 3766 inter
564 3726 631 3779 eos,
646 3706 697 3781 qui
712 3704 872 3763 Christiani
892 3707 937 3762 vi·

149 3808 309 3876 elebantur,
324 3806 499 3884 disciplina,
516 3824 580 3863 cum
599 3804 667 3861 talia
684 3801 895 3860 scriberentur.

191 3905 266 3981 Ego,
287 3903 435 3982 quidquid
462 3903 534 3960 milri
559 3901 595 3958 ub
618 3899 758 3976 injunctis
784 3898 937 3957 laboribus

149 4002 297 4082 superfuit
309 4003 467 4080 temporis,
487 4000 518 4058 id
535 4000 594 4057 illis
609 4018 724 4076 seraper
738 3996 936 4055 oblectamen·
958 3980 963 3992 ’

148 4103 188 4159 tis
204 4102 331 4178 quaesivi
346 4091 537 4177 impendere,
555 4116 620 4173 ‹puae
632 4093 669 4153 ab
680 4095 807 4154 utilitate
820 4094 937 4170 publica

150 4217 211 4255 non
247 4197 372 4254 nimium
409 4195 609 4253 abscederent.
644 4191 727 4250 Talia
760 4205 854 4249 autem
890 4194 935 4250 vel

149 4294 277 4350 airaime
289 4311 323 4349 ea
336 4310 399 4349 csse
409 4290 558 4367 judicari,
571 4307 635 4365 quae
650 4286 705 4344 sub
718 4286 836 4344 mellitis
849 4290 936 4344 veluti

149 4388 313 4447 verborum
330 4388 467 4446 crustulis
479 4386 630 4463 sapientiae
646 4398 790 4462 praecepta
804 4403 857 4442 nec
872 4388 948 4442 seni

150 4488 234 4544 tienti
247 4485 398 4562 juventuti
410 4486 585 4559 ingererent.
602 4482 664 4540 lloc
676 4483 773 4539 animo
789 4502 854 4558 quaa
870 4483 939 4540 Poe·

154 4597 248 4641 tarum
261 4583 341 4641 dicta
354 4582 430 4659 apud
441 4580 584 4640 Stoliaeum
594 4592 708 4637 exstant
717 4592 745 4637 et
755 4581 937 4638 correximus

150 4693 178 4737 et
197 4680 288 4737 latina
303 4680 437 4736 dedimus
456 4678 516 4753 f’).
534 4677 723 4733 Praestitimus
738 4676 814 4733 idern
835 4677 935 4746 iniis,

150 4793 216 4850 quaa
229 4774 317 4850 digna
333 4774 417 4848 inligi
432 4772 579 4828 rirenroriae
594 4770 670 4848 apud
686 4790 798 4846 graecos
812 4772 936 4845 Tragoe-

180 4923 215 4988 (Ἴ
235 4923 301 4986 [oni
314 4925 409 4975 scilicet
421 4938 453 4974 ex
469 4923 562 4974 lasciva
577 4923 704 4972 Menandri
718 4922 813 4973 Thaide
834 4937 935 4974 versum

149 4995 253 5057 epilam
273 5004 339 5047 nolte
354 4996 440 5047 tetulit
461 4996 488 5057 ll
503 4996 560 5044 Cur.
579 4995 630 5048 XV.
649 4997 695 5055 33)
713 5014 719 5042 :
740 4995 873 5057 φθείρουσιν
893 4997 937 5054 ἧίη

149 5065 234 5128 paci·
250 5067 340 5127 ducitae
352 5065 434 5113 esest.
451 5068 486 5113 De
503 5077 553 5125 ‹pm
570 5062 620 5111 ritl.
636 5062 740 5112 Meinelt.
755 5063 787 5112 ad
807 5066 934 5112 Menandri

149 5132 266 5200 tellegp
285 5136 329 5194 753
349 5139 458 5185 briania.
475 5136 499 5184 iu
516 5134 650 5182 (intimims
661 5147 685 5196 p.
702 5132 776 5195 aaa]

181 5206 229 5266 (Ἦ
243 5201 252 5270 [
264 5210 340 5257 Dicta
357 5211 499 5256 Poetarum
514 5218 569 5267 qua·
587 5203 660 5266 ararad
679 5204 724 5253 Jo.
743 5203 871 5253 Stchmmr
888 5219 935 5252 ru·-

982 1291 1096 1347 diarum
1121 1292 1397 1368 Coruoediarumque
1426 1293 1583 1368 scriptores
1616 1311 1764 1368 reperera-

982 1407 1061 1458 mus,
1089 1390 1153 1446 sire
1183 1392 1213 1446 in
1247 1389 1433 1447 manentibus
1462 1388 1618 1466 operibus,
1644 1391 1706 1446 siae
1735 1390 1781 1468 in

981 1505 1098 1553 eorum,
1118 1506 1183 1562 quae
1198 1487 1326 1563 periere,
1340 1485 1475 1562 reliquiis
1489 1484 1563 1559 pesp

1023 1580 1149 1638 Accedat
1160 1601 1231 1656 ergo
1240 1581 1277 1639 ad
1290 1582 1359 1639 illos
1371 1581 1461 1650 duos,
1476 1581 1557 1638 velut
1570 1582 1672 1640 iratres
1685 1601 1763 1652 suos,

982 1679 1085 1735 tertius
1099 1677 1148 1734 hic
1163 1662 1249 1752 liber,
1266 1679 1378 1747 l'ructu,
1390 1691 1531 1754 quantum
1548 1698 1584 1736 ex
1600 1692 1666 1736 ante
1681 1678 1766 1736 dietis

982 1774 1081 1850 colligi
1095 1787 1207 1851 potest,
1223 1776 1374 1852 magisque
1389 1777 1453 1852 ipsa
1466 1775 1589 1832 lectione
1604 1775 1765 1852 apparebit,

983 1872 1077 1929 nihilo
1092 1872 1151 1930 illis
1172 1873 1276 1931 minor.
1298 1873 1408 1930 Damus
1427 1886 1521 1930 auteur
1538 1871 1600 1928 haee
1620 1872 1767 1950 Epigram-

984 1984 1059 2028 mata
1074 1985 1102 2027 et
1118 1971 1318 2029 emendatiora
1334 1991 1420 2046 quam
1447 1972 1569 2028 antehac
1592 1958 1723 2039 suerunt,
1740 1984 1768 2027 et

982 2067 1082 2125 latinis
1116 2067 1251 2126 versibus
1281 2088 1368 2145 quam
1400 2069 1532 2145 proxime
1562 2069 1708 2144 proterimus
1733 2067 1768 2125 ad

983 2184 1107 2239 graecum
1124 2166 1274 2243 exemplar
1288 2184 1437 2242 expressa.
1455 2165 1680 2223 littrandationes
1701 2184 1767 2241 par-

984 2254 1035 2318 tini
1052 2282 1067 2318 a
1084 2256 1171 2320 nobis
1184 2277 1268 2331 stant,
1287 2262 1394 2341 partim
1408 2260 1445 2318 ab
1457 2281 1507 2335 eo,
1522 2281 1608 2339 quem
1625 2261 1764 2333 honoris,
1795 2333 1798 2337 Ι

984 2372 1016 2414 ut
1039 2357 1147 2429 debeo,
1163 2379 1249 2416 causa
1263 2360 1418 2416 nominare
1435 2378 1511 2434 saepe
1531 2360 1628 2430 soleo,
1644 2358 1688 2419 Cl.
1704 2359 1768 2417 Sal·

984 2454 1092 2524 masio,
1107 2456 1159 2531 qui
1174 2455 1269 2514 editos
1285 2474 1349 2512 cum
1366 2474 1454 2511 rnanu
1468 2468 1567 2511 vetere
1583 2460 1707 2512 exaratis
1721 2476 1768 2514 co·

984 2548 1098 2606 dicibus
1124 2549 1263 2624 contulit,
1294 2569 1421 2626 quorum
1448 2548 1581 2607 codicum
1611 2553 1768 2608 auctoritas

983 2647 1109 2723 plurium
1128 2647 1278 2717 lirmavit,
1293 2666 1358 2722 quae
1378 2645 1448 2702 milti
1463 2645 1632 2721 conjectura
1645 2666 1767 2722 sugges-

984 2759 1068 2804 serat.
1096 2744 1202 2801 liodern
1231 2746 1342 2802 monitu
1368 2743 1501 2820 quaedam
1527 2744 1605 2801 salsis
1624 2745 1769 2822 adscripta

984 2839 1063 2896 veris
1079 2839 1261 2896 reddidimus
1282 2837 1470 2907 auctoribus,
1492 2859 1628 2915 nequam
1647 2839 1769 2915 justitiae

983 2935 1151 2993 exercendae
1182 2935 1365 2993 occasionem
1399 2935 1498 3012 perire
1534 2949 1714 3012 pateremur,
1741 2950 1770 2994 et

984 3051 1065 3090 suam
1082 3033 1188 3108 cuique
1203 3031 1386 3090 reddidimus
1401 3033 1574 3105 dialectum,
1590 3033 1671 3090 velut
1686 3035 1768 3090 colo-

984 3147 1044 3185 rem
1070 3128 1220 3202 nativum,
1237 3128 1330 3186 multa
1350 3130 1562 3187 incrustationc
1584 3144 1767 3207 corruptum.

1024 3224 1240 3302 Epigrammata
1256 3239 1409 3283 verterunt
1424 3228 1521 3296 nutlti,
1536 3241 1565 3285 et
1580 3228 1696 3304 (pridem
1711 3230 1769 3287 viri

984 3337 1085 3380 nostra
1115 3336 1327 3399 parentumque
1352 3337 1434 3381 aetate
1457 3325 1602 3396 illustres,
1628 3326 1769 3400 dignitate

984 3420 1035 3478 alii
1046 3465 1053 3492 ,
1065 3433 1097 3478 ut
1111 3420 1292 3478 llermannus
1310 3419 1415 3479 Comes
1429 3439 1445 3476 a
1463 3440 1539 3478 nova
1553 3422 1661 3499 Aquila
1678 3422 1766 3498 (Μ’),

985 3517 1113 3575 'l'lromas
1123 3516 1234 3591 Morus,
1248 3516 1601 3594 tldolphusllletlterclrus3
1611 3519 1768 3576 aliilitera-
1782 3532 1784 3536 ‘
1856 3553 1859 3560 ·

984 3633 1048 3671 rum
1072 3614 1239 3691 principes,
1258 3614 1435 3683 politianus,
1453 3613 1606 3688 Erasnurs,
1624 3616 1769 3687 Alciatus,

984 3712 1128 3788 Scaligeri
1153 3713 1222 3772 dato.
1252 3712 1383 3770 Lubetnc
1419 3712 1549 3790 plurium
1576 3716 1677 3772 audire
1710 3735 1768 3772 non

984 3807 1109 3866 obscura
1135 3810 1272 3865 nomina?
1294 3807 1455 3878 lllarullus,
1473 3809 1576 3866 beatus
1593 3808 1768 3880 Rhenanus,

987 3904 1159 3962 laurentius
1169 3902 1260 3976 Valla,
1278 3902 1369 3960 Lilius
1383 3904 1546 3980 Gyraltlus,
1558 3903 1686 3963 Jacobus
1696 3906 1768 3962 San-

986 4020 1134 4069 nazanus,
1151 3998 1279 4057 ,loannes
1301 4003 1444 4073 duratus,
1457 3999 1602 4075 Georgius
1618 4001 1770 4061 buchana-

985 4118 1055 4171 nus,
1073 4098 1228 4175 Philippus
1246 4097 1466 4168 lllelaochthon,
1485 4097 1655 4156 duachimus
1670 4099 1769 4157 Came·

985 4197 1095 4265 rarius,
1112 4194 1276 4253 Hadrianus
1290 4193 1413 4264 lunius,
1434 4195 1578 4253 ilenricus
1592 4196 1767 4273 Stephanus,

983 4291 1153 4349 doachimus
1170 4291 1372 4366 llysingerus,
1388 4289 1518 4348 ioannes
1532 4290 1687 4348 Sleidanus
1696 4335 1705 4363 ,
1719 4291 1769 4349 da·

984 4409 1039 4446 nus
1062 4387 1227 4457 Secundus,
1252 4387 1361 4445 Pacilus
1385 4388 1537 4457 Melissus,
1566 4390 1770 4446 bonaventura

984 4486 1153 4544 Vulcanius.
1176 4485 1221 4542 dcl
1240 4483 1293 4541 lios
1323 4485 1476 4555 ateedant,
1501 4485 1545 4541 rel
1574 4485 1639 4562 ipso
1665 4499 1770 4542 conatu
1817 4481 1821 4489 ’

985 4582 1138 4651 laudandi,
1154 4579 1324 4637 franciscus
1341 4581 1529 4650 bellicarius,
1547 4580 1769 4658 llapltael.Vola·

985 4694 1136 4749 terranus,
1153 4678 1310 4754 Philippus
1326 4678 1501 4746 Beroaldus,
1518 4679 1650 4736 Petreius
1665 4677 1766 4745 'l'iara,

984 4778 1085 4835 Petrus
1096 4777 1244 4847 Crinitus,
1260 4775 1368 4833 Paulus
1382 4775 1566 4853 Leopardus,
1581 4774 1689 4836 Natalis
1711 4777 1764 4833 Cn-

1020 4925 1084 4981 (Μ)
1108 4924 1264 4987 [Erccrpta
1277 4934 1311 4971 er
1327 4921 1462 4983 troaudus
1480 4926 1506 4973 et
1527 4923 1658 4973 carinula
1677 4926 1767 4985 graccis

986 4999 1041 5045 tactu
1062 5006 1122 5056 aaa
1138 4995 1252 5048 exstant,
1266 4993 1324 5039 tam
1339 5002 1395 5051 gatru
1414 4995 1551 5054 auerterunt
1582 4991 1726 5041 ciircuduta
1743 4996 1769 5042 ct

984 5069 1076 5115 tutonis
1089 5062 1205 5113 uersibus
1216 5061 1364 5111 reddituab
1375 5064 1477 5111 lluooac
1490 5064 1592 5114 Guunu.
1606 5063 1714 5112 Parisiis.
1728 5076 1766 5126 ap.

987 5136 1038 5185 ato.
1056 5136 1132 5183 Boou.
1150 5132 1325 5183 bl.DC.XXVl.
1342 5134 1369 5180 4⁰
1390 5131 1397 5193 l

1014 5205 1088 5267 (Μ’)
1108 5200 1202 5268 [Aliter
1218 5201 1523 5261 nuenariusllteruruuu
1537 5202 1610 5264 crus
1620 5214 1671 5250 coa
1683 5205 1769 5250 deae·
1845 5196 1848 5201 ’

148 5278 235 5333 stunt,
248 5277 392 5327 emendata
403 5283 429 5325 et
442 5279 526 5328 lutino
538 5277 655 5325 caratiae
669 5275 776 5324 redilita
789 5276 822 5325 ud
836 5279 938 5324 llucoan
983 5274 1061 5336 arur),
1086 5273 1117 5323 dc
1140 5287 1189 5335 quo
1204 5273 1253 5322 rid.
1273 5273 1352 5334 lliogr.
1374 5273 1444 5323 uuir.
1465 5277 1483 5322 t.
1504 5275 1594 5322 ΧΧΧΙ.
1613 5284 1636 5334 p.
1652 5274 1717 5320 aas.
1735 5273 1769 5319 De

150 5349 254 5397 (lamro.
268 5347 385 5407 Parisiis,
398 5347 465 5412 apud
477 5348 530 5396 Nic.
547 5349 622 5394 Baton.
638 5348 814 5397 liucinii.
829 5345 865 5409 4⁰}
958 5316 962 5396 i
986 5349 1131 5398 hletltercho
1143 5360 1162 5395 s.
1176 5344 1337 5396 llteetlercltiu
1348 5360 1369 5392 r.
1384 5344 1439 5393 ibid.
1454 5349 1472 5395 t.
1487 5347 1596 5395 xxviii.
1608 5359 1632 5408 p.
1646 5345 1746 5392 toa-70.
1763 5366 1769 5402 t

952 5455 990 5512 rr]
