3810 5910
440 360 564 420 CAPUT
584 360 634 419 tx.
659 354 938 418 uetnnnntntn'tn
960 353 1294 415 trunonst‘unt‘tvn.

376 499 437 548 ess.
453 464 552 546 ⁴anuo.

167 591 236 648 Τίνιις
246 592 274 640 ἂν
286 589 348 640 είιιοι
362 591 445 652 λόγους
453 589 569 640 Ἁπόλλων
582 588 634 651 πιρὶ
645 587 760 649 Ὀμήρου.

77 716 183 776 'derso
199 714 246 792 μὲν
261 711 348 792 ἐγὼν,
364 712 496 793 ἐχάρασσε
511 709 538 772 dt
553 713 619 776 θεῖος
633 706 764 788 Ὅμηρος.

375 834 436 887 456.
458 836 553 882 Addo.

292 926 402 988 Πασιφάη
413 926 469 988 πρὸς
480 927 520 974 τὸν
536 925 638 989 Ἔρωτα.

78 1036 108 1093 Εἰ
121 1032 222 1090 ποθέειν
238 1034 267 1107 μ’
283 1027 401 1098 ἐδίδαξας
412 1030 439 1087 έν
452 1029 538 1105 οὔρεσι
550 1034 644 1108 ταῦρον
659 1029 775 1105 άλήτην,

78 1121 214 1198 μυκηθμόν
230 1144 263 1197 με
277 1118 395 1196 δίδαξον,
411 1117 463 1200 deep
482 1119 555 1199 φίλον
570 1119 651 1199 ἄνδρα
664 1119 794 1180 καλέσσω.

376 1258 438 1308 457.
460 1259 553 1306 sss0.

169 1348 200 1400 Τί
210 1349 239 1400 ἂν
249 1349 312 1400 είποι
326 1349 437 1414 Ἀχιλλεὺς
449 1352 573 1414 τρωθέντος
584 1351 759 1416 Ἀγαμέμνονος.

79 1477 180 1553 'Epaone
198 1482 258 1543 νῦν,
272 1475 455 1552 Ἀγάμεμνον,
471 1475 532 1548 έμὸν
551 1475 694 1554 φθισήνορα
711 1475 808 1552 θυμόν·

79 1565 159 1639 ἔγνως
173 1567 200 1621 ἐν
213 1566 348 1643 σταθέῃσιν
363 1561 423 1621 ὅσον
438 1561 524 1631 σθένος
538 1562 666 1642 Ἕκτορός
680 1565 747 1624 inst.

82 1656 134 1714 Νῦν
151 1653 202 1730 γάρ
215 1653 310 1720 πάντες
325 1651 415 1710 ὄλοντο
429 1655 476 1730 τεῇ
491 1651 657 1727 πολυπήμονι
672 1652 769 1733 λοίόῃ·Ι

82 1743 120 1800 σοὶ
137 1743 160 1800 δ’
175 1743 245 1816 αὐτῷ
261 1742 328 1817 μέγα
343 1745 421 1815 πῆμα
435 1739 520 1821 φάνη,
536 1741 657 1800 θανάτοιο
670 1742 779 1821 χέρειον.

82 1828 240 1910 ’λιρροσόνης
259 1827 330 1888 κακίι
344 1828 406 1907 ίργα
433 1829 478 1887 καὶ
493 1830 594 1908 ἄσχετα
617 1829 712 1890 πίνθισ
732 1833 859 1910 πάσχεις,

81 1918 105 1985 d<
119 1927 200 1976 redon
214 1922 352 1976 Δαναοῖσιν
368 1917 458 1995 ἀρήϊον
473 1916 545 1992 ίριιος
559 1919 679 2000 ἐτάχθης.

380 2061 442 2111 458.
464 2064 559 2111 λΔΔΟ.

194 2151 224 2200 Τί
233 2153 262 2198 ἂν
272 2150 334 2199 είποι
347 2149 475 2208 Ὀδυσσεὺς
490 2153 571 2209 inedie
586 2158 626 2210 τῆς
643 2153 739 2210 Ἰθάκης.

82 2274 162 2350 Χαῖρ’
177 2272 286 2342 Ἰθάκη·
298 2274 356 2351 μετ’
369 2273 463 2359 άεθλμ,
475 2277 532 2350 μετ’
546 2276 626 2353 άλγεα
637 2278 718 2355 πικρά
729 2281 862 2350 θαλάσσης

67 2354 71 2361 ’
82 2361 220 2430 ἀσπασίως
231 2364 288 2423 τεὸν
305 2353 380 2430 οόδας
393 2365 533 2439 ἱκάνομαι,
548 2363 614 2445 rippa
628 2367 714 2436 νοήσω

82 2450 221 2530 Λαέρτην,
237 2451 333 2531 άλοχόν
348 2476 376 2512 τε
391 2455 436 2511 καί
448 2455 544 2530 α’γλσὸν
561 2455 618 2515 υίέα
635 2461 740 2530 μοῦνον·

82 2541 125 2607 σδς
139 2540 191 2619 γάρ
207 2539 270 2618 ἔρως
285 2540 436 2608 κατέθελξεν
446 2543 508 2617 ἐμὸν
523 2541 591 2600 νόον.
634 2535 702 2605 Otto
717 2545 762 2604 καί
776 2547 861 2616 αὐτὸς,

84 2660 95 2682 ι
116 2635 152 2696 ὡς
167 2631 239 2690 οόδέν
254 2628 358 2708 γλύκιον
374 2622 405 2702 ἧς
418 2631 541 2710 πατρίδος
555 2630 611 2690 οὐδὲ
623 2633 735 2705 τοκήων.
751 2663 763 2686 s

384 2772 448 2824 459.
470 2776 561 2822 snam

159 2860 188 2909 Ti
201 2862 230 2908 ἄν
244 2859 305 2909 elnon
315 2859 430 2923 Ἀχιλλεὺς
440 2862 501 2924 δρῶν
510 2864 549 2910 τόν
560 2861 679 2913 Ὀδυσσέα
693 2866 715 2913 έν
726 2866 780 2928 ᾅδῃ.

82 2983 225 3064 ’adspexisse
238 2984 343 3044 πάντων
358 2983 545 3062 πολυμήχανός
562 2987 631 3045 ίστιν
646 2986 804 3056 Ὀδυσσεύς·

85 3074 150 3142 ζωὸς
165 3072 216 3131 tin
232 3072 338 3144 ίνάησεν
352 3072 369 3133 d
382 3072 419 3146 μὴ
435 3073 506 3149 θέμις
520 3073 591 3133 ἐστίν
606 3073 723 3152 ίδίσθαι,

84 3162 213 3240 νερπίριον
228 3164 364 3234 κευθμῶνα
379 3161 423 3218 καί
441 3160 522 3238 ἄλγεα
537 3161 619 3240 πικρά
633 3164 772 3226 θανόντοιν.

86 3251 148 3314 Πῶς
159 3251 184 3307 δ’
197 3248 261 3319 ἔτλη
275 3250 411 3324 προλιπεῖν
427 3249 495 3328 ίερδν
508 3249 572 3328 φάος
580 3249 616 3323 ;ή
629 3251 668 3318 τίς
682 3255 791 3331 ἀνάγκη

83 3336 185 3415 ἤγαγεν
197 3339 245 3395 οὐκ
258 3336 395 3412 edituum
409 3337 493 3395 δόλων
506 3336 634 3416 ἀκόρητος
648 3340 744 3418 tot-pen

84 3427 110 3483 έν
123 3426 199 3503 χθονί
213 3423 258 3483 καί
269 3425 412 3502 πελάγεσσι
429 3425 474 3484 καί
489 3427 515 3484 tn
526 3425 659 3487 νεκύεσσιν
674 3425 824 3499 Ὀδυσσεύς.

387 3569 448 3620 460.
469 3570 564 3618 ΑΔΔΟ.

188 3655 219 3707 Τί
231 3658 260 3706 ἂν
272 3657 334 3708 sinos
348 3659 464 3721 Ἀχιλλεὺς
476 3663 537 3724 δρῦν
545 3661 576 3710 τὰ
588 3662 648 3711 ὅπλα
659 3664 763 3727 κείμενα.

86 3781 193 3855 Mirm,
214 3778 310 3858 τεύχεα
324 3783 408 3837 ταῦτα
421 3779 465 3838 καί
485 3781 571 3857 άγλαά
584 3785 654 3860 δῶρα
667 3787 780 3859 κομίζεις

1194 496 1250 543 455.
1273 501 1378 543 ALlUl).

949 603 951 609 '
1005 613 1077 663 Quem
1091 608 1183 653 haberet
1191 616 1320 651 sermonem
1332 604 1413 660 spelta
1421 603 1450 648 de
1465 605 1572 648 Homero.

901 707 1023 759 canebam
1032 706 1133 770 quidem
1140 701 1312 770 moeremus
1321 715 1378 752 vero
1388 700 1484 752 divinus
1499 704 1627 752 Homerus.

1197 820 1252 866 450.
1274 827 1381 870 situl).

1153 914 1259 971 Pasiphae
1274 914 1302 959 ad
1312 917 1424 960 Amorem.

901 1033 926 1081 Si
939 1044 1029 1095 cupere
1042 1044 1082 1080 me
1100 1027 1205 1078 docuisti
1224 1028 1250 1077 in
1262 1029 1389 1078 montibus
1404 1031 1502 1077 taurum
1514 1028 1648 1084 errantem,

901 1120 1021 1182 mugitum
1035 1117 1162 1178 medone,
1176 1130 1224 1178 quo
1238 1129 1321 1166 meum
1338 1117 1418 1165 rirum
1433 1128 1528 1166 recem.

1202 1249 1256 1299 457.
1279 1258 1383 1299 estun.

1003 1355 1062 1410 Quid
1077 1357 1170 1402 dixisset
1182 1357 1279 1402 Achilles
1290 1355 1391 1400 sauciato
1404 1357 1578 1409 Agamemnone.

903 1472 971 1522 Nosti
985 1486 1060 1531 nune,
1074 1486 1089 1522 o
1104 1479 1279 1538 Agamemnon,
1298 1485 1380 1521 meum
1392 1467 1612 1534 siros-perdentem
1629 1480 1679 1517 aur·

903 1561 968 1611 nosti
977 1561 1001 1610 in
1012 1561 1118 1612 statariis
1131 1561 1219 1626 pugnis
1230 1543 1322 1625 quornm
1333 1559 1371 1609 nis
1380 1558 1492 1610 Hectoris
1504 1558 1545 1608 sit.
1582 1556 1683 1623 [mum;

903 1652 972 1699 [tunc
983 1650 1141 1700 enimomnes
1150 1650 1274 1713 periemnt
1284 1652 1410 1712 per-tuam
1418 1646 1610 1698 infelicissimam
1623 1644 1684 1708 inju-

904 1738 951 1788 tibi
961 1752 1020 1788 roro
1031 1737 1078 1801 ipsi
1090 1751 1176 1802 magna
1190 1737 1257 1788 tabes
1269 1736 1378 1797 exstitit,
1391 1741 1469 1788 morte
1486 1736 1560 1802 pejor.
1588 1733 1660 1799 [mam
1677 1750 1683 1784 :

904 1825 1039 1876 Dementiae
1051 1826 1114 1875 mala
1126 1838 1198 1890 opera
1217 1830 1243 1876 ct
1255 1824 1418 1875 intolerabiles
1434 1825 1515 1875 luctus
1525 1815 1631 1887 puteris,

904 1910 947 1973 qui
960 1910 1074 1959 ornnibns
1090 1911 1179 1961 Danais
1195 1911 1308 1961 bellicum
1321 1910 1529 1974 propugnaculum
1543 1923 1606 1959 eras.

1204 2062 1257 2108 ⁴58.
1280 2068 1386 2109 istun.

1042 2172 1101 2226 Quid
1115 2171 1205 2215 dixisset
1221 2171 1307 2226 utysses
1321 2170 1435 2225 ingressus
1449 2168 1554 2212 ithacam.

906 2288 1016 2346 satiem
1030 2287 1113 2338 tttraca
1124 2307 1130 2336 ι
1141 2288 1197 2351 post
1207 2285 1317 2344 labores,
1330 2286 1387 2349 post
1400 2281 1497 2335 dolores
1505 2293 1601 2332 arnams
1614 2279 1688 2329 muris
1722 2316 1728 2341 ,

906 2374 1067 2426 libentissime
1076 2379 1149 2426 tuum
1163 2374 1243 2424 solum
1256 2372 1387 2437 ingredior,
1402 2373 1431 2423 ut
1444 2369 1541 2441 videaur

906 2464 1023 2523 Laerten,
1038 2477 1186 2527 uxoremque
1199 2466 1224 2514 et
1233 2460 1388 2526 splendidum
1403 2459 1480 2510 tilium
1492 2457 1591 2507 unicum
1607 2480 1612 2509 :

906 2551 944 2600 tui
960 2551 1024 2601 enirn
1036 2564 1105 2601 amor
1116 2551 1239 2601 mulcebat
1250 2563 1332 2600 meam
1340 2549 1456 2598 mentem.
1489 2545 1551 2595 ltori
1564 2548 1590 2594 et
1607 2544 1659 2608 ipse

908 2660 920 2682 a
939 2638 999 2688 nitrit
1013 2638 1110 2689 dulcius
1123 2652 1177 2689 esse
1190 2636 1270 2702 patria
1281 2650 1359 2700 neque
1370 2633 1521 2700 parentibus.
1539 2655 1550 2675 ν

1204 2786 1259 2833 459.
1281 2792 1390 2834 sttui).

988 2878 1049 2930 Quid
1066 2879 1156 2922 dixisset
1173 2877 1269 2922 achilles
1288 2877 1366 2920 sitlans
1380 2876 1481 2932 Ulyssem
1499 2875 1522 2919 tn
1538 2877 1603 2918 orco.

910 2995 972 3042 vere
984 2993 1131 3044 omni-in-re
1141 2993 1316 3065 solertissimus
1331 2996 1369 3044 est
1382 2993 1481 3054 classes
1496 3011 1502 3041 e

909 3081 981 3130 vivus
998 3081 1050 3144 ipse
1064 3080 1125 3131 vidit
1136 3096 1190 3144 quas
1203 3094 1251 3131 uon
1265 3082 1302 3131 ias
1313 3084 1351 3132 est
1360 3095 1473 3142 cernere,

908 3169 1015 3217 internas
1027 3169 1131 3219 latebras
1143 3171 1168 3219 et
1180 3169 1277 3220 dolores
1290 3183 1386 3218 amaros
1397 3172 1559 3219 mortuorum.

909 3257 1037 3314 Quomodo
1057 3260 1139 3307 eutem
1155 3257 1272 3307 sustinuit
1292 3258 1405 3308 deserere
1425 3271 1519 3308 sacram
1538 3257 1634 3306 lucem?
1654 3258 1691 3306 rel

909 3344 1013 3394 adduxit
1026 3345 1147 3396 nolentem
1157 3349 1168 3396 t
1178 3346 1247 3396 Dolis
1258 3345 1395 3410 inexpletus
1408 3348 1447 3396 est
1479 3345 1551 3409 [quae
1559 3345 1692 3395 necessitas

910 3432 936 3481 in
951 3438 1051 3484 terrast
1067 3433 1128 3484 mari
1139 3438 1165 3484 et
1178 3435 1201 3484 in
1216 3435 1320 3484 mortuis
1335 3435 1442 3497 [tusses.

1208 3585 1263 3632 460.
1286 3594 1391 3634 setun.

1020 3693 1079 3747 Quid
1093 3694 1184 3739 dixisset
1201 3694 1297 3738 ttclrtltes
1314 3693 1392 3738 videns
1403 3706 1464 3739 arma
1477 3695 1582 3748 tacentia.

912 3808 933 3854 0
948 3809 1035 3867 mater,
1051 3820 1119 3856 arma
1136 3806 1188 3856 irrue
1199 3810 1224 3857 et
1238 3807 1365 3871 splendida
1379 3808 1443 3856 (lona
1456 3807 1506 3858 fers

93 3895 1688 3930 Ἢ

200 3950 260 4006 455.
280 3965 343 4007 quxn
361 3965 469 3997 uxxxsr'r
486 3965 578 3999 trenno
596 3968 626 3998 un
643 3970 753 4004 uounuo.

86 4067 140 4114 tloe
152 4078 197 4129 ego
207 4062 322 4130 precinui
332 4099 340 4123 ,
351 4063 446 4112 divinus
457 4064 551 4130 scripsit
566 4069 692 4119 llomerns.

275 4197 333 4252 456.
353 4213 415 4255 qum
433 4213 534 4246 urxxxxr
551 4215 682 4262 enarrans,

371 4299 474 4346 Taurum
487 4314 579 4349 σοισοε.

90 4435 189 4493 ttootox,
199 4430 338 4482 matrice·
351 4431 391 4496 qui
405 4447 443 4481 me
456 4430 522 4482 boris
532 4449 581 4483 esse
590 4434 704 4498 docebas,

90 4521 117 4565 tlt
130 4516 220 4581 ισυςὶεε
232 4516 307 4580 does,
316 4513 422 4565 trahitur
433 4516 466 4566 sic
477 4517 518 4566 iile
530 4517 636 4569 maritus.

101 4647 157 4706 457.
177 4661 242 4703 quun
261 4661 376 4694 ισειιεεεε
394 4661 518 4703 urxnnrr,
531 4641 656 4693 uulnerato
667 4652 856 4713 Agromenrnone.

87 4775 210 4835 Tandem,
223 4775 308 4837 eredo,
319 4775 396 4830 rides,
408 4779 587 4838 Agamemnon,
601 4777 656 4841 qnid
671 4795 720 4826 men
734 4789 810 4844 portet

90 4862 126 4904 tra
141 4857 215 4915 mati,
226 4866 344 4922 quantum
355 4873 406 4905 sese
418 4855 478 4905 terat
490 4859 581 4906 Hector
594 4859 617 4906 in
632 4861 714 4910 armis.

88 4941 195 4989 tlrirnine
209 4941 300 5006 qnippe
314 4948 356 4990 tuo
369 4941 447 4992 Grsioe
459 4942 551 5007 periere
565 4941 703 5006 plmlunges,

89 5027 118 5072 [ι
131 5032 155 5072 te
167 5039 222 5089 quae
236 5021 345 5088 sequitur
357 5033 435 5072 morte
448 5032 483 5072 est
496 5021 591 5071 infamia
605 5026 680 5089 pejor.

89 5110 136 5155 llas
149 5105 241 5154 merito
252 5120 333 5171 poeuas
347 5105 388 5153 das
400 5121 445 5170 pro
459 5103 609 5153 dementibus
622 5107 698 5163 arusie,

89 5188 136 5251 Qui
147 5188 214 5236 εοΙιεε
225 5189 335 5236 nanuum
348 5186 412 5236 credi
425 5186 498 5236 tulela
512 5184 615 5236 volebas.

1116 3971 1174 4024 458.
1193 3985 1254 4027 qum
1270 3986 1372 4018 urxxnrx
1390 3987 1496 4032 ιιεκεεαε,

1160 4076 1212 4108 cum
1226 4059 1333 4109 Ithacum
1346 4059 1445 4110 'vestiret

915 4158 968 4202 Post
982 4156 1065 4222 pelago
1078 4165 1169 4220 tantos,
1183 4156 1279 4216 ithace,
1293 4168 1405 4225 terraque
1418 4158 1512 4209 laborm

914 4237 990 4286 Dulce
1001 4248 1069 4287 tuum
1083 4239 1185 4305 tetigisse
1196 4240 1287 4302 solum,
1298 4249 1429 4306 natumque
1440 4240 1521 4290 ridere

915 4321 1061 4385 Unigenam,
1073 4334 1213 4389 patremque
1222 4312 1303 4372 's‘enem
1314 4341 1369 4374 cnm
1379 4323 1478 4390 conjuge
1487 4335 1559 4375 casta.

914 4405 1023 4468 Namque
1037 4405 1072 4453 tui
1084 4421 1122 4453 me
1132 4405 1203 4454 traxit
1214 4423 1290 4468 antor,
1303 4423 1346 4456 nec
1358 4406 1456 4470 gnarior
1468 4407 1536 4464 atter,

914 4485 991 4534 Dulce
1002 4485 1063 4534 nihil
1074 4487 1150 4552 patria
1163 4487 1235 4552 magis
1249 4497 1321 4553 atque
1333 4487 1475 4553 parentibus
1486 4505 1544 4538 esse.

1102 4591 1160 4650 459.
1179 4606 1240 4646 quio
1258 4605 1367 4638 urxunrr
1383 4605 1513 4649 nonanus,

1107 4698 1159 4729 cnm
1176 4682 1280 4747 tltyssem
1293 4683 1316 4730 in
1330 4687 1392 4732 Oreo
1404 4684 1499 4749 reperit.

915 4771 954 4820 Nil
967 4787 1016 4819 non
1031 4771 1150 4836 ingenium
1163 4783 1257 4839 superat
1268 4775 1371 4824 sollertis
1381 4775 1459 4842 Ulyssi
1472 4789 1480 4826 t

916 4855 982 4904 Vidit
993 4856 1056 4904 euim
1071 4857 1137 4905 ι’ἰιίιε
1148 4860 1208 4908 ιιιιΙΙί
1221 4876 1330 4909 concessa
1342 4861 1458 4926 priorum,

916 4938 1017 4988 interme
1027 4948 1118 4989 secretu
1128 4942 1227 5002 domus,
1243 4944 1385 5008 nmbmsque
1396 4944 1513 4998 dolentes.

916 5023 979 5085 Quid
993 5023 1053 5085 luit,
1067 5033 1093 5074 ut
1107 5031 1218 5092 superdm
1232 5044 1335 5077 connexa
1351 5028 1486 5094 relinquere
1497 5029 1579 5088 uellet,

917 5115 965 5155 Ant
978 5124 1031 5172 quoe
1046 5109 1078 5157 ris
1090 5110 1176 5174 adigit,
1186 5112 1205 5160 si
1220 5129 1268 5162 non
1280 5113 1345 5180 cupit
1355 5117 1366 5162 t
1376 5130 1437 5162 unus
1448 5114 1542 5178 Ulysses

832 5250 836 5257 Ι
917 5195 943 5239 ln
959 5192 1027 5240 terris
1040 5194 1169 5260 pelagoque
1182 5196 1249 5245 dolos
1263 5197 1391 5247 meditatur
1402 5205 1425 5247 et
1439 5200 1510 5248 Orco.
