<?xml version="1.0" encoding="UTF-8"?>
<!DOCTYPE html PUBLIC "-//W3C//DTD XHTML 1.0 Transitional//EN"
    "http://www.w3.org/TR/xhtml1/DTD/xhtml1-transitional.dtd">
<html xmlns="http://www.w3.org/1999/xhtml" xml:lang="en" lang="en">
 <head>
  <title>
</title>
<meta http-equiv="Content-Type" content="text/html;charset=utf-8" />
  <meta name='ocr-system' content='tesseract 3.04.00' />
  <meta name='ocr-capabilities' content='ocr_page ocr_carea ocr_par ocr_line ocrx_word'/>
</head>
<body>
  <div class='ocr_page' id='page_1' title='image "./epigrammatumant01plangoog_0009.png"; bbox 0 0 3810 5910; ppageno 0'>
   <div class='ocr_carea' id='block_1_1' title="bbox 219 327 247 406">
    <p class='ocr_par' dir='ltr' id='par_1_1' title="bbox 219 327 247 406">
     <span class='ocr_line' id='line_1_1' title="bbox 219 327 247 406; baseline 0 0"><span class='ocrx_word' id='word_1_1' title='bbox 219 327 247 406; x_wconf 68' lang='lat' dir='ltr'><strong>q·</strong></span> 
     </span>
    </p>
   </div>
   <div class='ocr_carea' id='block_1_2' title="bbox 99 449 1808 554">
    <p class='ocr_par' dir='ltr' id='par_1_2' title="bbox 99 449 1808 554">
     <span class='ocr_line' id='line_1_2' title="bbox 99 449 1808 554; baseline 0.005 -30"><span class='ocrx_word' id='word_1_2' title='bbox 99 449 102 453; x_wconf 60' lang='grc'><strong>’</strong></span> <span class='ocrx_word' id='word_1_3' title='bbox 219 460 276 525; x_wconf 86' lang='lat' dir='ltr'><strong>sed</strong></span> <span class='ocrx_word' id='word_1_4' title='bbox 293 482 411 526; x_wconf 82' lang='lat' dir='ltr'><strong>eorum</strong></span> <span class='ocrx_word' id='word_1_5' title='bbox 433 467 616 529; x_wconf 86' lang='lat' dir='ltr'><strong>extremam</strong></span> <span class='ocrx_word' id='word_1_6' title='bbox 642 469 794 551; x_wconf 89' lang='lat' dir='ltr'><strong>partem,</strong></span> <span class='ocrx_word' id='word_1_7' title='bbox 812 465 848 530; x_wconf 94' lang='lat' dir='ltr'><strong>in</strong></span> <span class='ocrx_word' id='word_1_8' title='bbox 865 486 934 554; x_wconf 90' lang='lat' dir='ltr'><strong>qua</strong></span> <span class='ocrx_word' id='word_1_9' title='bbox 955 486 1101 552; x_wconf 88' lang='lat' dir='ltr'><strong>magnus</strong></span> <span class='ocrx_word' id='word_1_10' title='bbox 1116 467 1168 528; x_wconf 91' lang='lat' dir='ltr'><strong>vir</strong></span> <span class='ocrx_word' id='word_1_11' title='bbox 1189 464 1406 551; x_wconf 77' lang='lat' dir='ltr'>peculiariter</span> <span class='ocrx_word' id='word_1_12' title='bbox 1420 463 1462 530; x_wconf 89' lang='lat' dir='ltr'><strong>dc</strong></span> <span class='ocrx_word' id='word_1_13' title='bbox 1484 485 1543 530; x_wconf 92' lang='lat' dir='ltr'><strong>suo</strong></span> <span class='ocrx_word' id='word_1_14' title='bbox 1563 465 1779 552; x_wconf 60' lang='lat' dir='ltr'><strong>anthologia*</strong></span> <span class='ocrx_word' id='word_1_15' title='bbox 1805 547 1808 554; x_wconf 25' lang='grc' dir='ltr'><strong><em>Ι</em></strong></span> 
     </span>
    </p>
   </div>
   <div class='ocr_carea' id='block_1_3' title="bbox 218 564 1053 659">
    <p class='ocr_par' dir='ltr' id='par_1_3' title="bbox 218 564 1053 659">
     <span class='ocr_line' id='line_1_3' title="bbox 218 564 1053 659; baseline 0.01 -30"><span class='ocrx_word' id='word_1_16' title='bbox 218 564 396 632; x_wconf 79' lang='lat' dir='ltr'><strong>l‘lanudeae</strong></span> <span class='ocrx_word' id='word_1_17' title='bbox 409 566 580 634; x_wconf 77' lang='lat' dir='ltr'><strong>vertendae</strong></span> <span class='ocrx_word' id='word_1_18' title='bbox 594 568 801 657; x_wconf 85' lang='lat' dir='ltr'><strong>edendaequc</strong></span> <span class='ocrx_word' id='word_1_19' title='bbox 816 570 957 638; x_wconf 90' lang='lat' dir='ltr'><strong>oonsilio</strong></span> <span class='ocrx_word' id='word_1_20' title='bbox 971 572 1053 659; x_wconf 89' lang='lat' dir='ltr'><strong>egit.</strong></span> 
     </span>
    </p>
   </div>
   <div class='ocr_carea' id='block_1_4' title="bbox 159 706 1775 3013">
    <p class='ocr_par' dir='ltr' id='par_1_4' title="bbox 159 706 1775 3013">
     <span class='ocr_line' id='line_1_4' title="bbox 260 706 1775 802; baseline 0.003 -30"><span class='ocrx_word' id='word_1_21' title='bbox 260 706 361 772; x_wconf 87' lang='lat' dir='ltr'><strong>Tertii</strong></span> <span class='ocrx_word' id='word_1_22' title='bbox 376 707 578 792; x_wconf 81' lang='lat' dir='ltr'><strong>voluminis,</strong></span> <span class='ocrx_word' id='word_1_23' title='bbox 596 709 686 799; x_wconf 92' lang='lat' dir='ltr'><strong>quod</strong></span> <span class='ocrx_word' id='word_1_24' title='bbox 704 711 935 801; x_wconf 72' lang='lat' dir='ltr'><strong>Appendioem</strong></span> <span class='ocrx_word' id='word_1_25' title='bbox 951 734 1074 780; x_wconf 90' lang='lat' dir='ltr'><strong>novam</strong></span> <span class='ocrx_word' id='word_1_26' title='bbox 1095 713 1381 802; x_wconf 76' lang='lat' dir='ltr'><strong>epigrammatum</strong></span> <span class='ocrx_word' id='word_1_27' title='bbox 1396 719 1547 779; x_wconf 84' lang='lat' dir='ltr'><strong>veterum</strong></span> <span class='ocrx_word' id='word_1_28' title='bbox 1571 735 1609 779; x_wconf 83' lang='lat' dir='ltr'><strong>ex</strong></span> <span class='ocrx_word' id='word_1_29' title='bbox 1627 713 1724 779; x_wconf 89' lang='lat' dir='ltr'><strong>libris</strong></span> <span class='ocrx_word' id='word_1_30' title='bbox 1743 722 1775 778; x_wconf 84' lang='lat' dir='ltr'><strong>et</strong></span> 
     </span>
     <span class='ocr_line' id='line_1_5' title="bbox 218 812 1773 907; baseline 0.003 -29"><span class='ocrx_word' id='word_1_31' title='bbox 218 812 444 881; x_wconf 79' lang='lat' dir='ltr'><strong>marmoribus</strong></span> <span class='ocrx_word' id='word_1_32' title='bbox 458 814 638 882; x_wconf 89' lang='lat' dir='ltr'><strong>ductorum</strong></span> <span class='ocrx_word' id='word_1_33' title='bbox 650 816 854 903; x_wconf 72' lang='lat' dir='ltr'>continebit,</span> <span class='ocrx_word' id='word_1_34' title='bbox 875 818 1006 907; x_wconf 85' lang='lat' dir='ltr'><strong>adjecto</strong></span> <span class='ocrx_word' id='word_1_35' title='bbox 1021 818 1133 886; x_wconf 90' lang='lat' dir='ltr'><strong>indice</strong></span> <span class='ocrx_word' id='word_1_36' title='bbox 1158 839 1273 885; x_wconf 88' lang='lat' dir='ltr'><strong>rerum</strong></span> <span class='ocrx_word' id='word_1_37' title='bbox 1287 821 1321 883; x_wconf 91' lang='lat' dir='ltr'><strong>et</strong></span> <span class='ocrx_word' id='word_1_38' title='bbox 1335 819 1513 884; x_wconf 89' lang='lat' dir='ltr'><strong>nominum</strong></span> <span class='ocrx_word' id='word_1_39' title='bbox 1530 819 1566 883; x_wconf 90' lang='lat' dir='ltr'><strong>in</strong></span> <span class='ocrx_word' id='word_1_40' title='bbox 1581 819 1773 886; x_wconf 88' lang='lat' dir='ltr'><strong>universam</strong></span> 
     </span>
     <span class='ocr_line' id='line_1_6' title="bbox 216 919 1774 1014; baseline 0.004 -29"><span class='ocrx_word' id='word_1_41' title='bbox 216 919 473 1006; x_wconf 73' lang='lat' dir='ltr'><strong>anthologiam,</strong></span> <span class='ocrx_word' id='word_1_42' title='bbox 502 922 609 988; x_wconf 90' lang='lat' dir='ltr'><strong>multa</strong></span> <span class='ocrx_word' id='word_1_43' title='bbox 618 924 692 1009; x_wconf 84' lang='lat' dir='ltr'><strong>jam</strong></span> <span class='ocrx_word' id='word_1_44' title='bbox 707 923 794 991; x_wconf 92' lang='lat' dir='ltr'><strong>mihi</strong></span> <span class='ocrx_word' id='word_1_45' title='bbox 809 927 951 991; x_wconf 86' lang='lat' dir='ltr'><strong>materia</strong></span> <span class='ocrx_word' id='word_1_46' title='bbox 965 925 1009 993; x_wconf 94' lang='lat' dir='ltr'><strong>ad</strong></span> <span class='ocrx_word' id='word_1_47' title='bbox 1029 946 1169 992; x_wconf 89' lang='lat' dir='ltr'><strong>manum</strong></span> <span class='ocrx_word' id='word_1_48' title='bbox 1185 930 1252 1006; x_wconf 87' lang='lat' dir='ltr'><strong>est,</strong></span> <span class='ocrx_word' id='word_1_49' title='bbox 1270 945 1310 990; x_wconf 79' lang='lat' dir='ltr'><strong>ex</strong></span> <span class='ocrx_word' id='word_1_50' title='bbox 1323 923 1420 990; x_wconf 88' lang='lat' dir='ltr'><strong>libris</strong></span> <span class='ocrx_word' id='word_1_51' title='bbox 1444 924 1642 1014; x_wconf 88' lang='lat' dir='ltr'><strong>schedisque</strong></span> <span class='ocrx_word' id='word_1_52' title='bbox 1655 923 1774 992; x_wconf 87' lang='lat' dir='ltr'><strong>Jacob-</strong></span> 
     </span>
     <span class='ocr_line' id='line_1_7' title="bbox 216 1028 1772 1121; baseline 0.004 -30"><span class='ocrx_word' id='word_1_53' title='bbox 216 1028 273 1111; x_wconf 89' lang='lat' dir='ltr'><strong>sii,</strong></span> <span class='ocrx_word' id='word_1_54' title='bbox 296 1028 519 1113; x_wconf 88' lang='lat' dir='ltr'><strong>Boissonadii,</strong></span> <span class='ocrx_word' id='word_1_55' title='bbox 541 1029 709 1096; x_wconf 91' lang='lat' dir='ltr'><strong>Welckeri</strong></span> <span class='ocrx_word' id='word_1_56' title='bbox 726 1053 734 1096; x_wconf 79' lang='lat' dir='ltr'><strong><em>z</em></strong></span> <span class='ocrx_word' id='word_1_57' title='bbox 752 1053 856 1121; x_wconf 89' lang='lat' dir='ltr'><strong>quam</strong></span> <span class='ocrx_word' id='word_1_58' title='bbox 875 1032 1068 1100; x_wconf 88' lang='lat' dir='ltr'><strong>ordinatam</strong></span> <span class='ocrx_word' id='word_1_59' title='bbox 1082 1053 1122 1099; x_wconf 91' lang='lat' dir='ltr'><strong>ac</strong></span> <span class='ocrx_word' id='word_1_60' title='bbox 1140 1031 1309 1119; x_wconf 88' lang='lat' dir='ltr'><strong>digestam</strong></span> <span class='ocrx_word' id='word_1_61' title='bbox 1323 1031 1390 1117; x_wconf 88' lang='lat' dir='ltr'><strong>ite,</strong></span> <span class='ocrx_word' id='word_1_62' title='bbox 1413 1039 1466 1115; x_wconf 88' lang='lat' dir='ltr'><strong>ut,</strong></span> <span class='ocrx_word' id='word_1_63' title='bbox 1488 1033 1516 1099; x_wconf 94' lang='lat' dir='ltr'><strong>si</strong></span> <span class='ocrx_word' id='word_1_64' title='bbox 1540 1054 1608 1099; x_wconf 93' lang='lat' dir='ltr'><strong>non</strong></span> <span class='ocrx_word' id='word_1_65' title='bbox 1632 1033 1772 1121; x_wconf 90' lang='lat' dir='ltr'><strong>plenum</strong></span> 
     </span>
     <span class='ocr_line' id='line_1_8' title="bbox 218 1135 1773 1227; baseline 0.005 -29"><span class='ocrx_word' id='word_1_66' title='bbox 218 1155 344 1221; x_wconf 84' lang='lat' dir='ltr'><strong>eorpus,</strong></span> <span class='ocrx_word' id='word_1_67' title='bbox 361 1135 479 1202; x_wconf 86' lang='lat' dir='ltr'><strong>utilem</strong></span> <span class='ocrx_word' id='word_1_68' title='bbox 495 1136 611 1202; x_wconf 86' lang='lat' dir='ltr'><strong>saltem</strong></span> <span class='ocrx_word' id='word_1_69' title='bbox 624 1137 885 1227; x_wconf 88' lang='lat' dir='ltr'><strong>jucundumque</strong></span> <span class='ocrx_word' id='word_1_70' title='bbox 899 1137 1054 1206; x_wconf 82' lang='lat' dir='ltr'><strong>detectum</strong></span> <span class='ocrx_word' id='word_1_71' title='bbox 1068 1139 1213 1222; x_wconf 86' lang='lat' dir='ltr'><strong>efficiat,</strong></span> <span class='ocrx_word' id='word_1_72' title='bbox 1236 1138 1336 1205; x_wconf 91' lang='lat' dir='ltr'><strong>edere</strong></span> <span class='ocrx_word' id='word_1_73' title='bbox 1356 1140 1582 1205; x_wconf 88' lang='lat' dir='ltr'><strong>certissimum</strong></span> <span class='ocrx_word' id='word_1_74' title='bbox 1598 1139 1684 1206; x_wconf 94' lang='lat' dir='ltr'><strong>mihi</strong></span> <span class='ocrx_word' id='word_1_75' title='bbox 1704 1147 1773 1224; x_wconf 91' lang='lat' dir='ltr'><strong>est,</strong></span> 
     </span>
     <span class='ocr_line' id='line_1_9' title="bbox 215 1241 1772 1336; baseline 0.003 -30"><span class='ocrx_word' id='word_1_76' title='bbox 215 1243 242 1306; x_wconf 90' lang='lat' dir='ltr'><strong>si</strong></span> <span class='ocrx_word' id='word_1_77' title='bbox 261 1241 344 1330; x_wconf 93' lang='lat' dir='ltr'><strong>quid</strong></span> <span class='ocrx_word' id='word_1_78' title='bbox 358 1243 440 1308; x_wconf 90' lang='lat' dir='ltr'><strong>anni</strong></span> <span class='ocrx_word' id='word_1_79' title='bbox 455 1243 521 1308; x_wconf 90' lang='lat' dir='ltr'><strong>mei</strong></span> <span class='ocrx_word' id='word_1_80' title='bbox 536 1250 570 1308; x_wconf 88' lang='lat' dir='ltr'><strong>et</strong></span> <span class='ocrx_word' id='word_1_81' title='bbox 588 1243 661 1311; x_wconf 79' lang='lat' dir='ltr'><strong>haec</strong></span> <span class='ocrx_word' id='word_1_82' title='bbox 675 1252 829 1334; x_wconf 91' lang='lat' dir='ltr'><strong>tempora</strong></span> <span class='ocrx_word' id='word_1_83' title='bbox 843 1250 973 1312; x_wconf 91' lang='lat' dir='ltr'><strong>certum</strong></span> <span class='ocrx_word' id='word_1_84' title='bbox 994 1267 1185 1336; x_wconf 86' lang='lat' dir='ltr'><strong>proponere</strong></span> <span class='ocrx_word' id='word_1_85' title='bbox 1201 1246 1390 1335; x_wconf 89' lang='lat' dir='ltr'><strong>patiuntur.</strong></span> <span class='ocrx_word' id='word_1_86' title='bbox 1413 1248 1484 1322; x_wconf 80' lang='lat' dir='ltr'><strong>Quo</strong></span> <span class='ocrx_word' id='word_1_87' title='bbox 1505 1246 1637 1313; x_wconf 91' lang='lat' dir='ltr'><strong>utinam</strong></span> <span class='ocrx_word' id='word_1_88' title='bbox 1655 1245 1772 1312; x_wconf 89' lang='lat' dir='ltr'><strong>labore</strong></span> 
     </span>
     <span class='ocr_line' id='line_1_10' title="bbox 216 1347 1775 1442; baseline 0.003 -28"><span class='ocrx_word' id='word_1_89' title='bbox 216 1347 357 1434; x_wconf 82' lang='lat' dir='ltr'><strong>defungi</strong></span> <span class='ocrx_word' id='word_1_90' title='bbox 378 1355 411 1413; x_wconf 91' lang='lat' dir='ltr'><strong>et</strong></span> <span class='ocrx_word' id='word_1_91' title='bbox 433 1356 627 1439; x_wconf 90' lang='lat' dir='ltr'><strong>susceptum</strong></span> <span class='ocrx_word' id='word_1_92' title='bbox 648 1355 697 1417; x_wconf 88' lang='lat' dir='ltr'><strong>tot</strong></span> <span class='ocrx_word' id='word_1_93' title='bbox 715 1351 759 1417; x_wconf 88' lang='lat' dir='ltr'><strong>ab</strong></span> <span class='ocrx_word' id='word_1_94' title='bbox 778 1352 877 1418; x_wconf 89' lang='lat' dir='ltr'><strong>annis</strong></span> <span class='ocrx_word' id='word_1_95' title='bbox 900 1374 985 1442; x_wconf 90' lang='lat' dir='ltr'><strong>opus</strong></span> <span class='ocrx_word' id='word_1_96' title='bbox 1008 1351 1184 1420; x_wconf 90' lang='lat' dir='ltr'><strong>absolvere</strong></span> <span class='ocrx_word' id='word_1_97' title='bbox 1200 1352 1358 1419; x_wconf 87' lang='lat' dir='ltr'><strong>Dttbnero</strong></span> <span class='ocrx_word' id='word_1_98' title='bbox 1373 1373 1448 1419; x_wconf 91' lang='lat' dir='ltr'><strong>meo</strong></span> <span class='ocrx_word' id='word_1_99' title='bbox 1463 1352 1581 1419; x_wconf 89' lang='lat' dir='ltr'><strong>datum</strong></span> <span class='ocrx_word' id='word_1_100' title='bbox 1595 1358 1700 1438; x_wconf 84' lang='lat' dir='ltr'><strong>esset,</strong></span> <span class='ocrx_word' id='word_1_101' title='bbox 1720 1355 1775 1419; x_wconf 87' lang='lat' dir='ltr'><strong>vi-</strong></span> 
     </span>
     <span class='ocr_line' id='line_1_11' title="bbox 216 1456 1774 1549; baseline 0.005 -31"><span class='ocrx_word' id='word_1_102' title='bbox 216 1476 325 1542; x_wconf 89' lang='lat' dir='ltr'><strong>voque</strong></span> <span class='ocrx_word' id='word_1_103' title='bbox 343 1456 522 1543; x_wconf 71' lang='lat' dir='ltr'><strong>preamium</strong></span> <span class='ocrx_word' id='word_1_104' title='bbox 542 1461 682 1544; x_wconf 84' lang='lat' dir='ltr'><strong>aequatae</strong></span> <span class='ocrx_word' id='word_1_105' title='bbox 697 1479 775 1524; x_wconf 90' lang='lat' dir='ltr'><strong>cum</strong></span> <span class='ocrx_word' id='word_1_106' title='bbox 790 1458 1005 1549; x_wconf 89' lang='lat' dir='ltr'><strong>principibus</strong></span> <span class='ocrx_word' id='word_1_107' title='bbox 1019 1459 1233 1545; x_wconf 80' lang='lat' dir='ltr'><strong>Anthologiae</strong></span> <span class='ocrx_word' id='word_1_108' title='bbox 1247 1480 1367 1546; x_wconf 81' lang='lat' dir='ltr'><strong>graecae</strong></span> <span class='ocrx_word' id='word_1_109' title='bbox 1391 1458 1647 1547; x_wconf 88' lang='lat' dir='ltr'><strong>sospitatoribus</strong></span> <span class='ocrx_word' id='word_1_110' title='bbox 1662 1459 1774 1527; x_wconf 89' lang='lat' dir='ltr'><strong>laudis</strong></span> 
     </span>
     <span class='ocr_line' id='line_1_12' title="bbox 215 1561 1773 1655; baseline 0.003 -28"><span class='ocrx_word' id='word_1_111' title='bbox 215 1561 374 1650; x_wconf 88' lang='lat' dir='ltr'><strong>adipisci!</strong></span> <span class='ocrx_word' id='word_1_112' title='bbox 397 1584 478 1629; x_wconf 88' lang='lat' dir='ltr'><strong>nam</strong></span> <span class='ocrx_word' id='word_1_113' title='bbox 495 1562 581 1629; x_wconf 91' lang='lat' dir='ltr'><strong>mihi</strong></span> <span class='ocrx_word' id='word_1_114' title='bbox 595 1569 786 1655; x_wconf 87' lang='lat' dir='ltr'><strong>temperare</strong></span> <span class='ocrx_word' id='word_1_115' title='bbox 800 1586 868 1632; x_wconf 89' lang='lat' dir='ltr'><strong>non</strong></span> <span class='ocrx_word' id='word_1_116' title='bbox 882 1587 1038 1655; x_wconf 90' lang='lat' dir='ltr'><strong>possum,</strong></span> <span class='ocrx_word' id='word_1_117' title='bbox 1056 1566 1139 1654; x_wconf 90' lang='lat' dir='ltr'><strong>quin</strong></span> <span class='ocrx_word' id='word_1_118' title='bbox 1156 1565 1220 1631; x_wconf 93' lang='lat' dir='ltr'><strong>hoc</strong></span> <span class='ocrx_word' id='word_1_119' title='bbox 1235 1571 1310 1631; x_wconf 89' lang='lat' dir='ltr'><strong>voto</strong></span> <span class='ocrx_word' id='word_1_120' title='bbox 1325 1565 1559 1653; x_wconf 91' lang='lat' dir='ltr'><strong>desiderioque</strong></span> <span class='ocrx_word' id='word_1_121' title='bbox 1574 1567 1773 1632; x_wconf 91' lang='lat' dir='ltr'><strong>memoriam</strong></span> 
     </span>
     <span class='ocr_line' id='line_1_13' title="bbox 216 1671 1770 1760; baseline 0.003 -27"><span class='ocrx_word' id='word_1_122' title='bbox 216 1689 401 1756; x_wconf 86' lang='lat' dir='ltr'><strong>prosequar</strong></span> <span class='ocrx_word' id='word_1_123' title='bbox 420 1671 539 1758; x_wconf 90' lang='lat' dir='ltr'><strong>optimi</strong></span> <span class='ocrx_word' id='word_1_124' title='bbox 557 1671 824 1760; x_wconf 89' lang='lat' dir='ltr'><strong>amatissimique</strong></span> <span class='ocrx_word' id='word_1_125' title='bbox 842 1671 1009 1756; x_wconf 89' lang='lat' dir='ltr'><strong>hominis,</strong></span> <span class='ocrx_word' id='word_1_126' title='bbox 1025 1693 1127 1760; x_wconf 90' lang='lat' dir='ltr'><strong>quem</strong></span> <span class='ocrx_word' id='word_1_127' title='bbox 1148 1692 1210 1759; x_wconf 90' lang='lat' dir='ltr'><strong>per</strong></span> <span class='ocrx_word' id='word_1_128' title='bbox 1229 1692 1336 1737; x_wconf 90' lang='lat' dir='ltr'><strong>annos</strong></span> <span class='ocrx_word' id='word_1_129' title='bbox 1351 1692 1408 1737; x_wconf 85' lang='lat' dir='ltr'><strong>sex</strong></span> <span class='ocrx_word' id='word_1_130' title='bbox 1421 1676 1455 1735; x_wconf 91' lang='lat' dir='ltr'><strong>et</strong></span> <span class='ocrx_word' id='word_1_131' title='bbox 1470 1672 1610 1759; x_wconf 86' lang='lat' dir='ltr'><strong>triginta</strong></span> <span class='ocrx_word' id='word_1_132' title='bbox 1624 1671 1770 1737; x_wconf 88' lang='lat' dir='ltr'><strong>indefes-</strong></span> 
     </span>
     <span class='ocr_line' id='line_1_14' title="bbox 213 1772 1773 1867; baseline 0.002 -27"><span class='ocrx_word' id='word_1_133' title='bbox 213 1796 288 1840; x_wconf 91' lang='lat' dir='ltr'><strong>sum</strong></span> <span class='ocrx_word' id='word_1_134' title='bbox 303 1775 460 1842; x_wconf 90' lang='lat' dir='ltr'><strong>laborum</strong></span> <span class='ocrx_word' id='word_1_135' title='bbox 472 1798 643 1860; x_wconf 88' lang='lat' dir='ltr'><strong>meorum,</strong></span> <span class='ocrx_word' id='word_1_136' title='bbox 658 1787 730 1844; x_wconf 84' lang='lat' dir='ltr'><strong>turn</strong></span> <span class='ocrx_word' id='word_1_137' title='bbox 745 1780 781 1844; x_wconf 91' lang='lat' dir='ltr'><strong>in</strong></span> <span class='ocrx_word' id='word_1_138' title='bbox 798 1772 998 1867; x_wconf 86' lang='lat' dir='ltr'><strong>retingendo</strong></span> <span class='ocrx_word' id='word_1_139' title='bbox 1011 1778 1180 1845; x_wconf 82' lang='lat' dir='ltr'><strong>Thesauro</strong></span> <span class='ocrx_word' id='word_1_140' title='bbox 1195 1777 1443 1865; x_wconf 88' lang='lat' dir='ltr'><strong>Stephaniano,</strong></span> <span class='ocrx_word' id='word_1_141' title='bbox 1458 1783 1530 1843; x_wconf 90' lang='lat' dir='ltr'><strong>tum</strong></span> <span class='ocrx_word' id='word_1_142' title='bbox 1544 1779 1580 1843; x_wconf 91' lang='lat' dir='ltr'><strong>in</strong></span> <span class='ocrx_word' id='word_1_143' title='bbox 1596 1777 1773 1843; x_wconf 89' lang='lat' dir='ltr'><strong>condenda</strong></span> 
     </span>
     <span class='ocr_line' id='line_1_15' title="bbox 215 1881 1772 1973; baseline 0.003 -28"><span class='ocrx_word' id='word_1_144' title='bbox 215 1881 424 1969; x_wconf 91' lang='lat' dir='ltr'><strong>amplissima</strong></span> <span class='ocrx_word' id='word_1_145' title='bbox 453 1905 642 1970; x_wconf 86' lang='lat' dir='ltr'><strong>graecorum</strong></span> <span class='ocrx_word' id='word_1_146' title='bbox 667 1885 872 1973; x_wconf 89' lang='lat' dir='ltr'><strong>scriptorum</strong></span> <span class='ocrx_word' id='word_1_147' title='bbox 903 1885 1119 1967; x_wconf 83' lang='lat' dir='ltr'><strong>collectione,</strong></span> <span class='ocrx_word' id='word_1_148' title='bbox 1149 1883 1359 1970; x_wconf 88' lang='lat' dir='ltr'><strong>adjutorem,</strong></span> <span class='ocrx_word' id='word_1_149' title='bbox 1388 1883 1432 1949; x_wconf 90' lang='lat' dir='ltr'><strong>ad</strong></span> <span class='ocrx_word' id='word_1_150' title='bbox 1461 1883 1628 1971; x_wconf 90' lang='lat' dir='ltr'><strong>quaslibet</strong></span> <span class='ocrx_word' id='word_1_151' title='bbox 1651 1905 1772 1972; x_wconf 83' lang='lat' dir='ltr'><strong>operas</strong></span> 
     </span>
     <span class='ocr_line' id='line_1_16' title="bbox 213 1988 1771 2080; baseline 0.003 -27"><span class='ocrx_word' id='word_1_152' title='bbox 213 1988 328 2054; x_wconf 90' lang='lat' dir='ltr'><strong>animo</strong></span> <span class='ocrx_word' id='word_1_153' title='bbox 343 1991 595 2076; x_wconf 89' lang='lat' dir='ltr'><strong>paratissimum</strong></span> <span class='ocrx_word' id='word_1_154' title='bbox 615 2012 749 2080; x_wconf 86' lang='lat' dir='ltr'><strong>semper</strong></span> <span class='ocrx_word' id='word_1_155' title='bbox 770 1998 803 2057; x_wconf 89' lang='lat' dir='ltr'><strong>et</strong></span> <span class='ocrx_word' id='word_1_156' title='bbox 817 1992 924 2079; x_wconf 91' lang='lat' dir='ltr'><strong>copiis</strong></span> <span class='ocrx_word' id='word_1_157' title='bbox 943 1990 1106 2058; x_wconf 75' lang='lat' dir='ltr'><strong>doctrinae</strong></span> <span class='ocrx_word' id='word_1_158' title='bbox 1125 1991 1441 2072; x_wconf 80' lang='lat' dir='ltr'><strong>instructissimum,</strong></span> <span class='ocrx_word' id='word_1_159' title='bbox 1460 1988 1583 2074; x_wconf 91' lang='lat' dir='ltr'><strong>habui,</strong></span> <span class='ocrx_word' id='word_1_160' title='bbox 1604 1995 1642 2057; x_wconf 92' lang='lat' dir='ltr'><strong>ut</strong></span> <span class='ocrx_word' id='word_1_161' title='bbox 1659 2013 1771 2080; x_wconf 90' lang='lat' dir='ltr'><strong>neque</strong></span> 
     </span>
     <span class='ocr_line' id='line_1_17' title="bbox 214 2083 1769 2184; baseline 0.003 -27"><span class='ocrx_word' id='word_1_162' title='bbox 214 2113 278 2179; x_wconf 90' lang='lat' dir='ltr'><strong>ego</strong></span> <span class='ocrx_word' id='word_1_163' title='bbox 291 2093 363 2158; x_wconf 91' lang='lat' dir='ltr'><strong>sine</strong></span> <span class='ocrx_word' id='word_1_164' title='bbox 379 2093 457 2175; x_wconf 90' lang='lat' dir='ltr'><strong>illo,</strong></span> <span class='ocrx_word' id='word_1_165' title='bbox 476 2117 585 2184; x_wconf 90' lang='lat' dir='ltr'><strong>neque</strong></span> <span class='ocrx_word' id='word_1_166' title='bbox 601 2095 659 2162; x_wconf 90' lang='lat' dir='ltr'><strong>ille</strong></span> <span class='ocrx_word' id='word_1_167' title='bbox 674 2097 747 2162; x_wconf 90' lang='lat' dir='ltr'><strong>sine</strong></span> <span class='ocrx_word' id='word_1_168' title='bbox 762 2117 834 2179; x_wconf 87' lang='lat' dir='ltr'><strong>me,</strong></span> <span class='ocrx_word' id='word_1_169' title='bbox 851 2083 888 2162; x_wconf 83' lang='lat' dir='ltr'><strong>ih</strong></span> <span class='ocrx_word' id='word_1_170' title='bbox 904 2097 1026 2163; x_wconf 87' lang='lat' dir='ltr'><strong>litteris</strong></span> <span class='ocrx_word' id='word_1_171' title='bbox 1042 2097 1161 2183; x_wconf 87' lang='lat' dir='ltr'><strong>graecis</strong></span> <span class='ocrx_word' id='word_1_172' title='bbox 1176 2095 1366 2184; x_wconf 80' lang='lat' dir='ltr'><strong>quidquam</strong></span> <span class='ocrx_word' id='word_1_173' title='bbox 1380 2095 1532 2161; x_wconf 90' lang='lat' dir='ltr'><strong>molituri</strong></span> <span class='ocrx_word' id='word_1_174' title='bbox 1546 2116 1617 2162; x_wconf 87' lang='lat' dir='ltr'><strong>esse</strong></span> <span class='ocrx_word' id='word_1_175' title='bbox 1636 2094 1769 2162; x_wconf 88' lang='lat' dir='ltr'><strong>videre-</strong></span> 
     </span>
     <span class='ocr_line' id='line_1_18' title="bbox 213 2201 1771 2291; baseline 0.002 -26"><span class='ocrx_word' id='word_1_176' title='bbox 213 2221 303 2266; x_wconf 90' lang='lat' dir='ltr'><strong>mur.</strong></span> <span class='ocrx_word' id='word_1_177' title='bbox 319 2203 386 2266; x_wconf 88' lang='lat' dir='ltr'><strong>Nec</strong></span> <span class='ocrx_word' id='word_1_178' title='bbox 399 2208 511 2267; x_wconf 86' lang='lat' dir='ltr'><strong>tamen</strong></span> <span class='ocrx_word' id='word_1_179' title='bbox 527 2201 600 2289; x_wconf 88' lang='lat' dir='ltr'><strong>ejus</strong></span> <span class='ocrx_word' id='word_1_180' title='bbox 612 2206 661 2268; x_wconf 93' lang='lat' dir='ltr'><strong>tot</strong></span> <span class='ocrx_word' id='word_1_181' title='bbox 672 2202 710 2268; x_wconf 89' lang='lat' dir='ltr'><strong>in</strong></span> <span class='ocrx_word' id='word_1_182' title='bbox 724 2203 936 2291; x_wconf 80' lang='lat' dir='ltr'><strong>antiquitatis</strong></span> <span class='ocrx_word' id='word_1_183' title='bbox 950 2203 1164 2290; x_wconf 80' lang='lat' dir='ltr'><strong>disciplinam</strong></span> <span class='ocrx_word' id='word_1_184' title='bbox 1180 2203 1259 2268; x_wconf 92' lang='lat' dir='ltr'><strong>etin</strong></span> <span class='ocrx_word' id='word_1_185' title='bbox 1275 2201 1382 2272; x_wconf 86' lang='lat' dir='ltr'><strong>bonas</strong></span> <span class='ocrx_word' id='word_1_186' title='bbox 1394 2205 1482 2267; x_wconf 90' lang='lat' dir='ltr'><strong>artes</strong></span> <span class='ocrx_word' id='word_1_187' title='bbox 1496 2203 1617 2268; x_wconf 88' lang='lat' dir='ltr'><strong>merita</strong></span> <span class='ocrx_word' id='word_1_188' title='bbox 1630 2204 1771 2268; x_wconf 90' lang='lat' dir='ltr'><strong>omnino</strong></span> 
     </span>
     <span class='ocr_line' id='line_1_19' title="bbox 211 2306 1768 2398; baseline 0.002 -26"><span class='ocrx_word' id='word_1_189' title='bbox 211 2306 302 2373; x_wconf 88' lang='lat' dir='ltr'><strong>fama</strong></span> <span class='ocrx_word' id='word_1_190' title='bbox 327 2313 362 2373; x_wconf 91' lang='lat' dir='ltr'><strong>et</strong></span> <span class='ocrx_word' id='word_1_191' title='bbox 377 2307 491 2374; x_wconf 87' lang='lat' dir='ltr'><strong>debito</strong></span> <span class='ocrx_word' id='word_1_192' title='bbox 505 2308 633 2375; x_wconf 89' lang='lat' dir='ltr'><strong>honore</strong></span> <span class='ocrx_word' id='word_1_193' title='bbox 649 2306 875 2375; x_wconf 89' lang='lat' dir='ltr'><strong>destituentur</strong></span> <span class='ocrx_word' id='word_1_194' title='bbox 895 2333 902 2374; x_wconf 72' lang='grc' dir='ltr'><strong>ι</strong></span> <span class='ocrx_word' id='word_1_195' title='bbox 928 2311 1054 2398; x_wconf 91' lang='lat' dir='ltr'><strong>quippe</strong></span> <span class='ocrx_word' id='word_1_196' title='bbox 1077 2309 1129 2374; x_wconf 90' lang='lat' dir='ltr'><strong>oui</strong></span> <span class='ocrx_word' id='word_1_197' title='bbox 1151 2313 1226 2396; x_wconf 90' lang='lat' dir='ltr'><strong>post</strong></span> <span class='ocrx_word' id='word_1_198' title='bbox 1246 2312 1390 2374; x_wconf 87' lang='lat' dir='ltr'><strong>mortem</strong></span> <span class='ocrx_word' id='word_1_199' title='bbox 1410 2309 1592 2394; x_wconf 88' lang='lat' dir='ltr'><strong>contigerit</strong></span> <span class='ocrx_word' id='word_1_200' title='bbox 1612 2307 1768 2375; x_wconf 87' lang='lat' dir='ltr'><strong>laudator</strong></span> 
     </span>
     <span class='ocr_line' id='line_1_20' title="bbox 212 2412 1766 2507; baseline 0.001 -29"><span class='ocrx_word' id='word_1_201' title='bbox 212 2412 470 2497; x_wconf 87' lang='lat' dir='ltr'><strong>disertissimus,</strong></span> <span class='ocrx_word' id='word_1_202' title='bbox 487 2435 640 2507; x_wconf 89' lang='lat' dir='ltr'><strong>summus</strong></span> <span class='ocrx_word' id='word_1_203' title='bbox 663 2412 721 2481; x_wconf 90' lang='lat' dir='ltr'><strong>ille</strong></span> <span class='ocrx_word' id='word_1_204' title='bbox 745 2415 856 2481; x_wconf 91' lang='lat' dir='ltr'><strong>omnis</strong></span> <span class='ocrx_word' id='word_1_205' title='bbox 878 2416 1012 2502; x_wconf 85' lang='lat' dir='ltr'><strong>generis</strong></span> <span class='ocrx_word' id='word_1_206' title='bbox 1033 2415 1282 2500; x_wconf 81' lang='lat' dir='ltr'><strong>elegantiarum</strong></span> <span class='ocrx_word' id='word_1_207' title='bbox 1304 2413 1604 2502; x_wconf 88' lang='lat' dir='ltr'><strong>doctrinarumque</strong></span> <span class='ocrx_word' id='word_1_208' title='bbox 1626 2413 1766 2499; x_wconf 85' lang='lat' dir='ltr'><strong>arbiter,</strong></span> 
     </span>
     <span class='ocr_line' id='line_1_21' title="bbox 159 2519 1769 2609; baseline 0.002 -22"><span class='ocrx_word' id='word_1_209' title='bbox 159 2520 163 2528; x_wconf 85' lang='grc'><strong>’</strong></span> <span class='ocrx_word' id='word_1_210' title='bbox 212 2521 358 2587; x_wconf 80' lang='lat' dir='ltr'><strong>multum</strong></span> <span class='ocrx_word' id='word_1_211' title='bbox 372 2542 507 2609; x_wconf 88' lang='lat' dir='ltr'><strong>quoque</strong></span> <span class='ocrx_word' id='word_1_212' title='bbox 527 2529 560 2585; x_wconf 90' lang='lat' dir='ltr'><strong>et</strong></span> <span class='ocrx_word' id='word_1_213' title='bbox 582 2519 725 2587; x_wconf 84' lang='lat' dir='ltr'><strong>feliciter</strong></span> <span class='ocrx_word' id='word_1_214' title='bbox 739 2521 775 2586; x_wconf 93' lang='lat' dir='ltr'><strong>in</strong></span> <span class='ocrx_word' id='word_1_215' title='bbox 791 2521 999 2609; x_wconf 68' lang='lat' dir='ltr'><strong>anthologia</strong></span> <span class='ocrx_word' id='word_1_216' title='bbox 1019 2542 1127 2608; x_wconf 72' lang='lat' dir='ltr'><strong>greca</strong></span> <span class='ocrx_word' id='word_1_217' title='bbox 1147 2526 1297 2586; x_wconf 89' lang='lat' dir='ltr'><strong>versatus</strong></span> <span class='ocrx_word' id='word_1_218' title='bbox 1315 2521 1598 2609; x_wconf 82' lang='lat' dir='ltr'><strong>exercitatusque,</strong></span> <span class='ocrx_word' id='word_1_219' title='bbox 1618 2524 1769 2590; x_wconf 71' lang='lat' dir='ltr'><strong>Cinorus</strong></span> 
     </span>
     <span class='ocr_line' id='line_1_22' title="bbox 211 2624 1768 2716; baseline 0.001 -26"><span class='ocrx_word' id='word_1_220' title='bbox 211 2631 413 2692; x_wconf 59' lang='lat' dir='ltr'><strong>⁴tursusrnrus</strong></span> <span class='ocrx_word' id='word_1_221' title='bbox 428 2628 674 2693; x_wconf 69' lang='lat' dir='ltr'><strong>Siara-arum</strong></span> <span class='ocrx_word' id='word_1_222' title='bbox 701 2628 787 2716; x_wconf 90' lang='lat' dir='ltr'><strong>:qui</strong></span> <span class='ocrx_word' id='word_1_223' title='bbox 811 2627 899 2714; x_wconf 81' lang='lat' dir='ltr'><strong>ipse,</strong></span> <span class='ocrx_word' id='word_1_224' title='bbox 925 2627 993 2693; x_wconf 87' lang='lat' dir='ltr'><strong>fato</strong></span> <span class='ocrx_word' id='word_1_225' title='bbox 1019 2624 1187 2714; x_wconf 86' lang='lat' dir='ltr'><strong>quodam,</strong></span> <span class='ocrx_word' id='word_1_226' title='bbox 1203 2624 1343 2690; x_wconf 90' lang='lat' dir='ltr'><strong>biennio</strong></span> <span class='ocrx_word' id='word_1_227' title='bbox 1361 2630 1454 2713; x_wconf 88' lang='lat' dir='ltr'><strong>post,</strong></span> <span class='ocrx_word' id='word_1_228' title='bbox 1483 2625 1603 2692; x_wconf 90' lang='lat' dir='ltr'><strong>eodem</strong></span> <span class='ocrx_word' id='word_1_229' title='bbox 1621 2626 1768 2692; x_wconf 89' lang='lat' dir='ltr'><strong>octobris</strong></span> 
     </span>
     <span class='ocr_line' id='line_1_23' title="bbox 212 2732 1767 2822; baseline 0.003 -25"><span class='ocrx_word' id='word_1_230' title='bbox 212 2733 266 2799; x_wconf 90' lang='lat' dir='ltr'><strong>die</strong></span> <span class='ocrx_word' id='word_1_231' title='bbox 281 2733 487 2822; x_wconf 88' lang='lat' dir='ltr'><strong>eodemque,</strong></span> <span class='ocrx_word' id='word_1_232' title='bbox 503 2755 571 2822; x_wconf 91' lang='lat' dir='ltr'><strong>quc</strong></span> <span class='ocrx_word' id='word_1_233' title='bbox 587 2734 782 2816; x_wconf 85' lang='lat' dir='ltr'><strong>Dtthnerus,</strong></span> <span class='ocrx_word' id='word_1_234' title='bbox 806 2755 896 2801; x_wconf 90' lang='lat' dir='ltr'><strong>anno</strong></span> <span class='ocrx_word' id='word_1_235' title='bbox 910 2734 1036 2818; x_wconf 74' lang='lat' dir='ltr'><strong>atatis,</strong></span> <span class='ocrx_word' id='word_1_236' title='bbox 1054 2733 1248 2799; x_wconf 89' lang='lat' dir='ltr'><strong>acutissimo</strong></span> <span class='ocrx_word' id='word_1_237' title='bbox 1263 2732 1381 2798; x_wconf 91' lang='lat' dir='ltr'><strong>morbo</strong></span> <span class='ocrx_word' id='word_1_238' title='bbox 1399 2733 1624 2821; x_wconf 84' lang='lat' dir='ltr'><strong>interceptus,</strong></span> <span class='ocrx_word' id='word_1_239' title='bbox 1642 2755 1767 2822; x_wconf 83' lang='lat' dir='ltr'><strong>magno</strong></span> 
     </span>
     <span class='ocr_line' id='line_1_24' title="bbox 212 2838 1766 2930; baseline 0.003 -26"><span class='ocrx_word' id='word_1_240' title='bbox 212 2840 381 2929; x_wconf 92' lang='lat' dir='ltr'><strong>quidquid</strong></span> <span class='ocrx_word' id='word_1_241' title='bbox 393 2840 584 2906; x_wconf 87' lang='lat' dir='ltr'><strong>litterarum</strong></span> <span class='ocrx_word' id='word_1_242' title='bbox 601 2846 651 2906; x_wconf 89' lang='lat' dir='ltr'><strong>est</strong></span> <span class='ocrx_word' id='word_1_243' title='bbox 665 2840 757 2930; x_wconf 92' lang='lat' dir='ltr'><strong>apud</strong></span> <span class='ocrx_word' id='word_1_244' title='bbox 771 2863 832 2906; x_wconf 80' lang='lat' dir='ltr'><strong>nos</strong></span> <span class='ocrx_word' id='word_1_245' title='bbox 846 2839 971 2906; x_wconf 92' lang='lat' dir='ltr'><strong>damno</strong></span> <span class='ocrx_word' id='word_1_246' title='bbox 984 2845 1086 2928; x_wconf 90' lang='lat' dir='ltr'><strong>atque</strong></span> <span class='ocrx_word' id='word_1_247' title='bbox 1103 2840 1196 2904; x_wconf 89' lang='lat' dir='ltr'><strong>luctu</strong></span> <span class='ocrx_word' id='word_1_248' title='bbox 1209 2838 1332 2904; x_wconf 89' lang='lat' dir='ltr'><strong>affecit.</strong></span> <span class='ocrx_word' id='word_1_249' title='bbox 1349 2876 1393 2888; x_wconf 93' lang='lat'>—</span> <span class='ocrx_word' id='word_1_250' title='bbox 1407 2839 1556 2924; x_wconf 86' lang='lat' dir='ltr'><strong>Parisiis,</strong></span> <span class='ocrx_word' id='word_1_251' title='bbox 1570 2838 1704 2907; x_wconf 88' lang='lat' dir='ltr'><strong>Octobri</strong></span> <span class='ocrx_word' id='word_1_252' title='bbox 1719 2861 1766 2908; x_wconf 91' lang='lat' dir='ltr'><strong>m.</strong></span> 
     </span>
     <span class='ocr_line' id='line_1_25' title="bbox 211 2949 429 3013; baseline 0.009 -4"><span class='ocrx_word' id='word_1_253' title='bbox 211 2949 429 3013; x_wconf 78' lang='lat' dir='ltr'><strong>ntuuccnxx.</strong></span> 
     </span>
    </p>
   </div>
   <div class='ocr_carea' id='block_1_5' title="bbox 130 3086 1768 3501">
    <p class='ocr_par' dir='ltr' id='par_1_5' title="bbox 130 3086 1768 3501">
     <span class='ocr_line' id='line_1_26' title="bbox 152 3086 1768 3179; baseline 0.002 -26"><span class='ocrx_word' id='word_1_254' title='bbox 152 3086 156 3091; x_wconf 77' lang='grc'><strong>’</strong></span> <span class='ocrx_word' id='word_1_255' title='bbox 256 3089 311 3154; x_wconf 90' lang='lat' dir='ltr'><strong>His</strong></span> <span class='ocrx_word' id='word_1_256' title='bbox 327 3091 477 3179; x_wconf 88' lang='lat' dir='ltr'><strong>scriptis,</strong></span> <span class='ocrx_word' id='word_1_257' title='bbox 494 3112 600 3178; x_wconf 91' lang='lat' dir='ltr'><strong>quum</strong></span> <span class='ocrx_word' id='word_1_258' title='bbox 617 3093 731 3156; x_wconf 91' lang='lat' dir='ltr'><strong>nostro</strong></span> <span class='ocrx_word' id='word_1_259' title='bbox 751 3089 934 3172; x_wconf 89' lang='lat' dir='ltr'><strong>volumini,</strong></span> <span class='ocrx_word' id='word_1_260' title='bbox 950 3095 1092 3178; x_wconf 88' lang='lat' dir='ltr'><strong>propter</strong></span> <span class='ocrx_word' id='word_1_261' title='bbox 1106 3088 1188 3152; x_wconf 89' lang='lat' dir='ltr'><strong>belli</strong></span> <span class='ocrx_word' id='word_1_262' title='bbox 1206 3088 1356 3176; x_wconf 91' lang='lat' dir='ltr'><strong>primum</strong></span> <span class='ocrx_word' id='word_1_263' title='bbox 1371 3090 1576 3173; x_wconf 82' lang='lat' dir='ltr'><strong>germanici,</strong></span> <span class='ocrx_word' id='word_1_264' title='bbox 1590 3095 1705 3177; x_wconf 84' lang='lat' dir='ltr'><strong>postea</strong></span> <span class='ocrx_word' id='word_1_265' title='bbox 1719 3093 1768 3157; x_wconf 92' lang='lat' dir='ltr'><strong>ci-</strong></span> 
     </span>
     <span class='ocr_line' id='line_1_27' title="bbox 130 3192 1767 3284; baseline 0.001 -25"><span class='ocrx_word' id='word_1_266' title='bbox 130 3195 133 3205; x_wconf 90' lang='lat'>&#39;</span> <span class='ocrx_word' id='word_1_267' title='bbox 219 3195 286 3261; x_wconf 81' lang='lat' dir='ltr'><strong>cilis</strong></span> <span class='ocrx_word' id='word_1_268' title='bbox 302 3200 334 3261; x_wconf 89' lang='lat' dir='ltr'><strong>et</strong></span> <span class='ocrx_word' id='word_1_269' title='bbox 348 3195 425 3283; x_wconf 92' lang='lat' dir='ltr'><strong>plus</strong></span> <span class='ocrx_word' id='word_1_270' title='bbox 448 3217 550 3284; x_wconf 89' lang='lat' dir='ltr'><strong>quam</strong></span> <span class='ocrx_word' id='word_1_271' title='bbox 573 3195 701 3279; x_wconf 75' lang='lat' dir='ltr'><strong>civilis,</strong></span> <span class='ocrx_word' id='word_1_272' title='bbox 717 3195 920 3280; x_wconf 89' lang='lat' dir='ltr'><strong>tumultum,</strong></span> <span class='ocrx_word' id='word_1_273' title='bbox 942 3197 977 3261; x_wconf 89' lang='lat' dir='ltr'><strong>in</strong></span> <span class='ocrx_word' id='word_1_274' title='bbox 997 3192 1176 3283; x_wconf 91' lang='lat' dir='ltr'><strong>publicum</strong></span> <span class='ocrx_word' id='word_1_275' title='bbox 1194 3194 1331 3281; x_wconf 89' lang='lat' dir='ltr'><strong>prodire</strong></span> <span class='ocrx_word' id='word_1_276' title='bbox 1350 3215 1412 3282; x_wconf 89' lang='lat' dir='ltr'><strong>per</strong></span> <span class='ocrx_word' id='word_1_277' title='bbox 1430 3197 1607 3260; x_wconf 88' lang='lat' dir='ltr'><strong>continuos</strong></span> <span class='ocrx_word' id='word_1_278' title='bbox 1629 3216 1767 3263; x_wconf 88' lang='lat' dir='ltr'><strong>menses</strong></span> 
     </span>
     <span class='ocr_line' id='line_1_28' title="bbox 218 3299 1764 3391; baseline -0.003 -19"><span class='ocrx_word' id='word_1_279' title='bbox 218 3321 280 3372; x_wconf 80' lang='lat' dir='ltr'><strong>uon</strong></span> <span class='ocrx_word' id='word_1_280' title='bbox 296 3301 447 3384; x_wconf 85' lang='lat' dir='ltr'><strong>licuerit,</strong></span> <span class='ocrx_word' id='word_1_281' title='bbox 461 3303 599 3368; x_wconf 90' lang='lat' dir='ltr'><strong>interim</strong></span> <span class='ocrx_word' id='word_1_282' title='bbox 614 3301 771 3391; x_wconf 85' lang='lat' dir='ltr'><strong>perlectis</strong></span> <span class='ocrx_word' id='word_1_283' title='bbox 788 3303 901 3369; x_wconf 91' lang='lat' dir='ltr'><strong>denuo</strong></span> <span class='ocrx_word' id='word_1_284' title='bbox 916 3300 1133 3387; x_wconf 79' lang='lat' dir='ltr'><strong>stereotypis‚</strong></span> <span class='ocrx_word' id='word_1_285' title='bbox 1159 3300 1226 3366; x_wconf 89' lang='lat' dir='ltr'><strong>alia</strong></span> <span class='ocrx_word' id='word_1_286' title='bbox 1245 3299 1395 3365; x_wconf 82' lang='lat' dir='ltr'><strong>odderutc</strong></span> <span class='ocrx_word' id='word_1_287' title='bbox 1414 3313 1441 3365; x_wconf 82' lang='lat' dir='ltr'><strong>ct</strong></span> <span class='ocrx_word' id='word_1_288' title='bbox 1464 3303 1658 3387; x_wconf 65' lang='lat' dir='ltr'><strong>corrigenda</strong></span> <span class='ocrx_word' id='word_1_289' title='bbox 1671 3323 1764 3367; x_wconf 91' lang='lat' dir='ltr'><strong>com-</strong></span> 
     </span>
     <span class='ocr_line' id='line_1_29' title="bbox 213 3407 1430 3501; baseline -0.004 -26"><span class='ocrx_word' id='word_1_290' title='bbox 213 3415 331 3501; x_wconf 77' lang='lat' dir='ltr'><strong>parata</strong></span> <span class='ocrx_word' id='word_1_291' title='bbox 345 3414 442 3494; x_wconf 92' lang='lat' dir='ltr'><strong>sunt,</strong></span> <span class='ocrx_word' id='word_1_292' title='bbox 460 3431 535 3498; x_wconf 72' lang='lat' dir='ltr'><strong>quae</strong></span> <span class='ocrx_word' id='word_1_293' title='bbox 548 3410 638 3475; x_wconf 89' lang='lat' dir='ltr'><strong>infra</strong></span> <span class='ocrx_word' id='word_1_294' title='bbox 649 3409 858 3496; x_wconf 82' lang='lat' dir='ltr'><strong>subjicimus.</strong></span> <span class='ocrx_word' id='word_1_295' title='bbox 873 3447 919 3458; x_wconf 97' lang='lat'>-</span> <span class='ocrx_word' id='word_1_296' title='bbox 931 3407 1120 3496; x_wconf 82' lang='lat' dir='ltr'><strong>Septembri</strong></span> <span class='ocrx_word' id='word_1_297' title='bbox 1136 3428 1181 3471; x_wconf 89' lang='lat' dir='ltr'><strong>m.</strong></span> <span class='ocrx_word' id='word_1_298' title='bbox 1199 3409 1430 3472; x_wconf 63' lang='lat' dir='ltr'><strong>abacelam.</strong></span> 
     </span>
    </p>
   </div>
   <div class='ocr_carea' id='block_1_6' title="bbox 167 3563 1781 4821">
    <p class='ocr_par' dir='ltr' id='par_1_6' title="bbox 167 3563 1781 4821">
     <span class='ocr_line' id='line_1_30' title="bbox 252 3563 1766 3656; baseline -0.001 -22"><span class='ocrx_word' id='word_1_299' title='bbox 252 3569 396 3634; x_wconf 89' lang='lat' dir='ltr'><strong>Peractis</strong></span> <span class='ocrx_word' id='word_1_300' title='bbox 409 3568 586 3653; x_wconf 91' lang='lat' dir='ltr'><strong>omnibus,</strong></span> <span class='ocrx_word' id='word_1_301' title='bbox 604 3589 711 3656; x_wconf 92' lang='lat' dir='ltr'><strong>quum</strong></span> <span class='ocrx_word' id='word_1_302' title='bbox 731 3568 805 3654; x_wconf 83' lang='lat' dir='ltr'><strong>jam</strong></span> <span class='ocrx_word' id='word_1_303' title='bbox 827 3568 864 3633; x_wconf 95' lang='lat' dir='ltr'><strong>in</strong></span> <span class='ocrx_word' id='word_1_304' title='bbox 884 3566 995 3633; x_wconf 90' lang='lat' dir='ltr'><strong>lucem</strong></span> <span class='ocrx_word' id='word_1_305' title='bbox 1008 3564 1207 3655; x_wconf 89' lang='lat' dir='ltr'><strong>proditurus</strong></span> <span class='ocrx_word' id='word_1_306' title='bbox 1221 3570 1306 3630; x_wconf 87' lang='lat' dir='ltr'><strong>esset</strong></span> <span class='ocrx_word' id='word_1_307' title='bbox 1329 3569 1442 3630; x_wconf 88' lang='lat' dir='ltr'><strong>noster</strong></span> <span class='ocrx_word' id='word_1_308' title='bbox 1455 3563 1565 3648; x_wconf 85' lang='lat' dir='ltr'><strong>labor,</strong></span> <span class='ocrx_word' id='word_1_309' title='bbox 1586 3565 1639 3630; x_wconf 91' lang='lat' dir='ltr'><strong>vir</strong></span> <span class='ocrx_word' id='word_1_310' title='bbox 1651 3566 1766 3633; x_wconf 74' lang='lat' dir='ltr'><strong>miritae</strong></span> 
     </span>
     <span class='ocr_line' id='line_1_31' title="bbox 208 3670 1764 3761; baseline -0.003 -19"><span class='ocrx_word' id='word_1_311' title='bbox 208 3673 407 3742; x_wconf 87' lang='lat' dir='ltr'><strong>cruditionis</strong></span> <span class='ocrx_word' id='word_1_312' title='bbox 416 3726 425 3758; x_wconf 92' lang='lat'><strong>,</strong></span> <span class='ocrx_word' id='word_1_313' title='bbox 441 3674 593 3761; x_wconf 87' lang='lat' dir='ltr'><strong>peracuti</strong></span> <span class='ocrx_word' id='word_1_314' title='bbox 603 3673 739 3761; x_wconf 85' lang='lat' dir='ltr'><strong>ingenii</strong></span> <span class='ocrx_word' id='word_1_315' title='bbox 750 3677 783 3739; x_wconf 93' lang='lat' dir='ltr'><strong>et</strong></span> <span class='ocrx_word' id='word_1_316' title='bbox 798 3672 983 3760; x_wconf 86' lang='lat' dir='ltr'><strong>singularis</strong></span> <span class='ocrx_word' id='word_1_317' title='bbox 999 3670 1189 3750; x_wconf 78' lang='lat' dir='ltr'><strong>modestiae,</strong></span> <span class='ocrx_word' id='word_1_318' title='bbox 1205 3672 1357 3738; x_wconf 68' lang='lat' dir='ltr'><strong>Cinorus</strong></span> <span class='ocrx_word' id='word_1_319' title='bbox 1372 3671 1535 3737; x_wconf 79' lang='lat' dir='ltr'><strong>Ocrsvrus</strong></span> <span class='ocrx_word' id='word_1_320' title='bbox 1550 3673 1712 3754; x_wconf 77' lang='lat' dir='ltr'><strong>Damone,</strong></span> <span class='ocrx_word' id='word_1_321' title='bbox 1729 3674 1764 3738; x_wconf 90' lang='lat' dir='ltr'><strong>in</strong></span> 
     </span>
     <span class='ocr_line' id='line_1_32' title="bbox 209 3775 1762 3869; baseline -0.003 -21"><span class='ocrx_word' id='word_1_322' title='bbox 209 3783 324 3869; x_wconf 80' lang='lat' dir='ltr'><strong>Lycaeo</strong></span> <span class='ocrx_word' id='word_1_323' title='bbox 338 3780 451 3846; x_wconf 89' lang='lat' dir='ltr'><strong>Sancti</strong></span> <span class='ocrx_word' id='word_1_324' title='bbox 464 3779 622 3846; x_wconf 90' lang='lat' dir='ltr'><strong>Ludovici</strong></span> <span class='ocrx_word' id='word_1_325' title='bbox 639 3781 820 3867; x_wconf 83' lang='lat' dir='ltr'><strong>professor,</strong></span> <span class='ocrx_word' id='word_1_326' title='bbox 837 3779 934 3866; x_wconf 83' lang='lat' dir='ltr'><strong>cujus</strong></span> <span class='ocrx_word' id='word_1_327' title='bbox 949 3777 1075 3845; x_wconf 76' lang='lat' dir='ltr'><strong>auxilio</strong></span> <span class='ocrx_word' id='word_1_328' title='bbox 1085 3780 1118 3842; x_wconf 89' lang='lat' dir='ltr'><strong>et</strong></span> <span class='ocrx_word' id='word_1_329' title='bbox 1132 3775 1290 3863; x_wconf 89' lang='lat' dir='ltr'><strong>diligenti</strong></span> <span class='ocrx_word' id='word_1_330' title='bbox 1305 3796 1408 3863; x_wconf 88' lang='lat' dir='ltr'><strong>opera</strong></span> <span class='ocrx_word' id='word_1_331' title='bbox 1422 3797 1494 3842; x_wconf 91' lang='lat' dir='ltr'><strong>rem</strong></span> <span class='ocrx_word' id='word_1_332' title='bbox 1510 3796 1644 3843; x_wconf 92' lang='lat' dir='ltr'><strong>omnem</strong></span> <span class='ocrx_word' id='word_1_333' title='bbox 1662 3776 1762 3859; x_wconf 89' lang='lat' dir='ltr'><strong>hanc,</strong></span> 
     </span>
     <span class='ocr_line' id='line_1_33' title="bbox 208 3880 1764 3975; baseline -0.001 -23"><span class='ocrx_word' id='word_1_334' title='bbox 208 3906 248 3953; x_wconf 85' lang='lat' dir='ltr'><strong>ex</strong></span> <span class='ocrx_word' id='word_1_335' title='bbox 262 3908 329 3975; x_wconf 91' lang='lat' dir='ltr'><strong>quo</strong></span> <span class='ocrx_word' id='word_1_336' title='bbox 345 3884 495 3952; x_wconf 84' lang='lat' dir='ltr'><strong>Dubneri</strong></span> <span class='ocrx_word' id='word_1_337' title='bbox 511 3889 618 3951; x_wconf 88' lang='lat' dir='ltr'><strong>morte</strong></span> <span class='ocrx_word' id='word_1_338' title='bbox 634 3885 826 3951; x_wconf 91' lang='lat' dir='ltr'><strong>intermissa</strong></span> <span class='ocrx_word' id='word_1_339' title='bbox 836 3885 961 3972; x_wconf 82' lang='lat' dir='ltr'><strong>jacuit,</strong></span> <span class='ocrx_word' id='word_1_340' title='bbox 979 3884 1095 3950; x_wconf 88' lang='lat' dir='ltr'><strong>curavi</strong></span> <span class='ocrx_word' id='word_1_341' title='bbox 1111 3888 1143 3948; x_wconf 92' lang='lat' dir='ltr'><strong>et</strong></span> <span class='ocrx_word' id='word_1_342' title='bbox 1161 3883 1305 3947; x_wconf 86' lang='lat' dir='ltr'><strong>feliciter</strong></span> <span class='ocrx_word' id='word_1_343' title='bbox 1317 3880 1465 3965; x_wconf 88' lang='lat' dir='ltr'><strong>absolvi,</strong></span> <span class='ocrx_word' id='word_1_344' title='bbox 1482 3882 1573 3969; x_wconf 89' lang='lat' dir='ltr'><strong>ipse,</strong></span> <span class='ocrx_word' id='word_1_345' title='bbox 1590 3882 1646 3948; x_wconf 84' lang='lat' dir='ltr'><strong>vix</strong></span> <span class='ocrx_word' id='word_1_346' title='bbox 1660 3905 1764 3950; x_wconf 87' lang='lat' dir='ltr'><strong>manu</strong></span> 
     </span>
     <span class='ocr_line' id='line_1_34' title="bbox 208 3986 1781 4080; baseline -0.002 -21"><span class='ocrx_word' id='word_1_347' title='bbox 208 3997 358 4059; x_wconf 86' lang='lat' dir='ltr'><strong>extrema</strong></span> <span class='ocrx_word' id='word_1_348' title='bbox 372 3990 453 4057; x_wconf 91' lang='lat' dir='ltr'><strong>huic</strong></span> <span class='ocrx_word' id='word_1_349' title='bbox 476 3990 643 4057; x_wconf 89' lang='lat' dir='ltr'><strong>volumini</strong></span> <span class='ocrx_word' id='word_1_350' title='bbox 666 3990 842 4080; x_wconf 88' lang='lat' dir='ltr'><strong>imposita,</strong></span> <span class='ocrx_word' id='word_1_351' title='bbox 862 3991 1077 4078; x_wconf 84' lang='lat' dir='ltr'><strong>nuperrime,</strong></span> <span class='ocrx_word' id='word_1_352' title='bbox 1095 3988 1296 4076; x_wconf 89' lang='lat' dir='ltr'><strong>gravissimo</strong></span> <span class='ocrx_word' id='word_1_353' title='bbox 1308 3986 1494 4076; x_wconf 89' lang='lat' dir='ltr'><strong>implicitus</strong></span> <span class='ocrx_word' id='word_1_354' title='bbox 1513 3988 1650 4075; x_wconf 90' lang='lat' dir='ltr'><strong>morbo,</strong></span> <span class='ocrx_word' id='word_1_355' title='bbox 1670 3997 1781 4056; x_wconf 81' lang='lat' dir='ltr'><strong>aetatc·</strong></span> 
     </span>
     <span class='ocr_line' id='line_1_35' title="bbox 208 4092 1765 4187; baseline -0.001 -23"><span class='ocrx_word' id='word_1_356' title='bbox 208 4097 362 4165; x_wconf 90' lang='lat' dir='ltr'><strong>nondum</strong></span> <span class='ocrx_word' id='word_1_357' title='bbox 375 4101 546 4187; x_wconf 85' lang='lat' dir='ltr'><strong>provecta,</strong></span> <span class='ocrx_word' id='word_1_358' title='bbox 561 4097 721 4182; x_wconf 85' lang='lat' dir='ltr'><strong>decessit3</strong></span> <span class='ocrx_word' id='word_1_359' title='bbox 738 4097 854 4164; x_wconf 92' lang='lat' dir='ltr'><strong>multis</strong></span> <span class='ocrx_word' id='word_1_360' title='bbox 866 4119 906 4164; x_wconf 88' lang='lat' dir='ltr'><strong>ac</strong></span> <span class='ocrx_word' id='word_1_361' title='bbox 921 4097 1092 4186; x_wconf 83' lang='lat' dir='ltr'><strong>precipue</strong></span> <span class='ocrx_word' id='word_1_362' title='bbox 1102 4093 1315 4181; x_wconf 77' lang='lat' dir='ltr'><strong>Anthologioe</strong></span> <span class='ocrx_word' id='word_1_363' title='bbox 1327 4092 1508 4159; x_wconf 90' lang='lat' dir='ltr'><strong>lectoribus</strong></span> <span class='ocrx_word' id='word_1_364' title='bbox 1523 4094 1716 4180; x_wconf 84' lang='lat' dir='ltr'><strong>deflendus,</strong></span> <span class='ocrx_word' id='word_1_365' title='bbox 1728 4104 1765 4162; x_wconf 93' lang='lat' dir='ltr'><strong>ut</strong></span> 
     </span>
     <span class='ocr_line' id='line_1_36' title="bbox 167 4196 1762 4292; baseline -0.001 -24"><span class='ocrx_word' id='word_1_366' title='bbox 167 4196 169 4200; x_wconf 72' lang='grc'><strong>’</strong></span> <span class='ocrx_word' id='word_1_367' title='bbox 208 4205 267 4292; x_wconf 90' lang='lat' dir='ltr'><strong>qui</strong></span> <span class='ocrx_word' id='word_1_368' title='bbox 281 4204 324 4270; x_wconf 91' lang='lat' dir='ltr'><strong>ad</strong></span> <span class='ocrx_word' id='word_1_369' title='bbox 339 4205 476 4270; x_wconf 88' lang='lat' dir='ltr'><strong>tertium</strong></span> <span class='ocrx_word' id='word_1_370' title='bbox 487 4203 646 4271; x_wconf 87' lang='lat' dir='ltr'><strong>volumen</strong></span> <span class='ocrx_word' id='word_1_371' title='bbox 661 4204 895 4288; x_wconf 84' lang='lat' dir='ltr'><strong>condendum,</strong></span> <span class='ocrx_word' id='word_1_372' title='bbox 907 4200 1239 4269; x_wconf 82' lang='lat' dir='ltr'><strong>omnibusdoctrinae</strong></span> <span class='ocrx_word' id='word_1_373' title='bbox 1253 4206 1286 4265; x_wconf 88' lang='lat' dir='ltr'><strong>et</strong></span> <span class='ocrx_word' id='word_1_374' title='bbox 1295 4198 1418 4286; x_wconf 81' lang='lat' dir='ltr'><strong>judicii</strong></span> <span class='ocrx_word' id='word_1_375' title='bbox 1433 4199 1555 4287; x_wconf 92' lang='lat' dir='ltr'><strong>opibus</strong></span> <span class='ocrx_word' id='word_1_376' title='bbox 1572 4202 1762 4285; x_wconf 88' lang='lat' dir='ltr'><strong>accinctus,</strong></span> 
     </span>
     <span class='ocr_line' id='line_1_37' title="bbox 203 4305 1762 4396; baseline -0.003 -20"><span class='ocrx_word' id='word_1_377' title='bbox 203 4311 275 4396; x_wconf 78' lang='lat' dir='ltr'><strong>jam</strong></span> <span class='ocrx_word' id='word_1_378' title='bbox 288 4331 482 4377; x_wconf 88' lang='lat' dir='ltr'><strong>accessurus</strong></span> <span class='ocrx_word' id='word_1_379' title='bbox 501 4315 597 4377; x_wconf 85' lang='lat' dir='ltr'><strong>esset.</strong></span> <span class='ocrx_word' id='word_1_380' title='bbox 614 4308 728 4395; x_wconf 83' lang='lat' dir='ltr'><strong>Quod,</strong></span> <span class='ocrx_word' id='word_1_381' title='bbox 746 4331 785 4376; x_wconf 92' lang='lat' dir='ltr'><strong>eo</strong></span> <span class='ocrx_word' id='word_1_382' title='bbox 799 4310 952 4388; x_wconf 84' lang='lat' dir='ltr'><strong>vivente,</strong></span> <span class='ocrx_word' id='word_1_383' title='bbox 969 4308 1025 4374; x_wconf 86' lang='lat' dir='ltr'><strong>vel</strong></span> <span class='ocrx_word' id='word_1_384' title='bbox 1038 4307 1076 4374; x_wconf 92' lang='lat' dir='ltr'><strong>in</strong></span> <span class='ocrx_word' id='word_1_385' title='bbox 1090 4306 1154 4373; x_wconf 93' lang='lat' dir='ltr'><strong>hoc</strong></span> <span class='ocrx_word' id='word_1_386' title='bbox 1166 4305 1330 4394; x_wconf 90' lang='lat' dir='ltr'><strong>prooemio</strong></span> <span class='ocrx_word' id='word_1_387' title='bbox 1345 4309 1455 4370; x_wconf 86' lang='lat' dir='ltr'><strong>tacere</strong></span> <span class='ocrx_word' id='word_1_388' title='bbox 1469 4305 1536 4390; x_wconf 86' lang='lat' dir='ltr'><strong>(sic</strong></span> <span class='ocrx_word' id='word_1_389' title='bbox 1552 4307 1644 4372; x_wconf 90' lang='lat' dir='ltr'><strong>enim</strong></span> <span class='ocrx_word' id='word_1_390' title='bbox 1660 4307 1762 4394; x_wconf 88' lang='lat' dir='ltr'><strong>jube-</strong></span> 
     </span>
     <span class='ocr_line' id='line_1_38' title="bbox 208 4409 1762 4506; baseline -0.003 -24"><span class='ocrx_word' id='word_1_391' title='bbox 208 4417 266 4483; x_wconf 89' lang='lat' dir='ltr'><strong>bat</strong></span> <span class='ocrx_word' id='word_1_392' title='bbox 279 4415 370 4506; x_wconf 89' lang='lat' dir='ltr'><strong>ipse)</strong></span> <span class='ocrx_word' id='word_1_393' title='bbox 384 4416 501 4500; x_wconf 90' lang='lat' dir='ltr'><strong>debui,</strong></span> <span class='ocrx_word' id='word_1_394' title='bbox 519 4417 592 4502; x_wconf 86' lang='lat' dir='ltr'><strong>ejus</strong></span> <span class='ocrx_word' id='word_1_395' title='bbox 609 4437 731 4481; x_wconf 92' lang='lat' dir='ltr'><strong>nomen</strong></span> <span class='ocrx_word' id='word_1_396' title='bbox 746 4437 857 4500; x_wconf 90' lang='lat' dir='ltr'><strong>nunc,</strong></span> <span class='ocrx_word' id='word_1_397' title='bbox 873 4413 941 4481; x_wconf 90' lang='lat' dir='ltr'><strong>fide</strong></span> <span class='ocrx_word' id='word_1_398' title='bbox 955 4413 1034 4480; x_wconf 88' lang='lat' dir='ltr'><strong>data</strong></span> <span class='ocrx_word' id='word_1_399' title='bbox 1047 4413 1142 4480; x_wconf 88' lang='lat' dir='ltr'><strong>luctu</strong></span> <span class='ocrx_word' id='word_1_400' title='bbox 1156 4432 1231 4477; x_wconf 90' lang='lat' dir='ltr'><strong>meo</strong></span> <span class='ocrx_word' id='word_1_401' title='bbox 1248 4409 1433 4495; x_wconf 78' lang='lat' dir='ltr'><strong>exsolutuS,</strong></span> <span class='ocrx_word' id='word_1_402' title='bbox 1450 4411 1602 4497; x_wconf 88' lang='lat' dir='ltr'><strong>proferre</strong></span> <span class='ocrx_word' id='word_1_403' title='bbox 1618 4435 1684 4480; x_wconf 90' lang='lat' dir='ltr'><strong>non</strong></span> <span class='ocrx_word' id='word_1_404' title='bbox 1700 4414 1762 4478; x_wconf 88' lang='lat' dir='ltr'><strong>du-</strong></span> 
     </span>
     <span class='ocr_line' id='line_1_39' title="bbox 208 4515 1764 4611; baseline -0.003 -23"><span class='ocrx_word' id='word_1_405' title='bbox 208 4523 295 4607; x_wconf 87' lang='lat' dir='ltr'><strong>bito,</strong></span> <span class='ocrx_word' id='word_1_406' title='bbox 310 4530 342 4588; x_wconf 89' lang='lat' dir='ltr'><strong>et</strong></span> <span class='ocrx_word' id='word_1_407' title='bbox 357 4524 476 4590; x_wconf 89' lang='lat' dir='ltr'><strong>saltem</strong></span> <span class='ocrx_word' id='word_1_408' title='bbox 486 4523 567 4589; x_wconf 91' lang='lat' dir='ltr'><strong>huic</strong></span> <span class='ocrx_word' id='word_1_409' title='bbox 577 4524 713 4611; x_wconf 75' lang='lat' dir='ltr'><strong>pagine</strong></span> <span class='ocrx_word' id='word_1_410' title='bbox 725 4522 875 4589; x_wconf 90' lang='lat' dir='ltr'><strong>inscribo</strong></span> <span class='ocrx_word' id='word_1_411' title='bbox 886 4525 1003 4611; x_wconf 87' lang='lat' dir='ltr'><strong>gratus</strong></span> <span class='ocrx_word' id='word_1_412' title='bbox 1014 4539 1245 4607; x_wconf 88' lang='lat' dir='ltr'><strong>moerensque,</strong></span> <span class='ocrx_word' id='word_1_413' title='bbox 1262 4538 1300 4582; x_wconf 89' lang='lat' dir='ltr'><strong>ac</strong></span> <span class='ocrx_word' id='word_1_414' title='bbox 1312 4515 1503 4583; x_wconf 88' lang='lat' dir='ltr'><strong>deditorum</strong></span> <span class='ocrx_word' id='word_1_415' title='bbox 1515 4520 1634 4605; x_wconf 81' lang='lat' dir='ltr'><strong>graecis</strong></span> <span class='ocrx_word' id='word_1_416' title='bbox 1645 4519 1764 4585; x_wconf 86' lang='lat' dir='ltr'><strong>litteris</strong></span> 
     </span>
     <span class='ocr_line' id='line_1_40' title="bbox 207 4623 1765 4718; baseline -0.002 -24"><span class='ocrx_word' id='word_1_417' title='bbox 207 4631 376 4715; x_wconf 77' lang='lat' dir='ltr'><strong>uirorum,</strong></span> <span class='ocrx_word' id='word_1_418' title='bbox 393 4630 435 4697; x_wconf 90' lang='lat' dir='ltr'><strong>dc</strong></span> <span class='ocrx_word' id='word_1_419' title='bbox 455 4629 596 4718; x_wconf 93' lang='lat' dir='ltr'><strong>quibus,</strong></span> <span class='ocrx_word' id='word_1_420' title='bbox 612 4629 767 4718; x_wconf 89' lang='lat' dir='ltr'><strong>impensa</strong></span> <span class='ocrx_word' id='word_1_421' title='bbox 791 4628 835 4695; x_wconf 91' lang='lat' dir='ltr'><strong>ad</strong></span> <span class='ocrx_word' id='word_1_422' title='bbox 855 4625 1125 4716; x_wconf 89' lang='lat' dir='ltr'><strong>promovendum</strong></span> <span class='ocrx_word' id='word_1_423' title='bbox 1149 4623 1214 4690; x_wconf 86' lang='lat' dir='ltr'><strong>hoc</strong></span> <span class='ocrx_word' id='word_1_424' title='bbox 1234 4644 1318 4711; x_wconf 91' lang='lat' dir='ltr'><strong>opus</strong></span> <span class='ocrx_word' id='word_1_425' title='bbox 1343 4645 1443 4707; x_wconf 89' lang='lat' dir='ltr'><strong>cura,</strong></span> <span class='ocrx_word' id='word_1_426' title='bbox 1475 4626 1600 4714; x_wconf 88' lang='lat' dir='ltr'><strong>optime</strong></span> <span class='ocrx_word' id='word_1_427' title='bbox 1625 4624 1765 4691; x_wconf 79' lang='lat' dir='ltr'><strong>meritus</strong></span> 
     </span>
     <span class='ocr_line' id='line_1_41' title="bbox 206 4733 1261 4821; baseline -0.009 -20"><span class='ocrx_word' id='word_1_428' title='bbox 206 4741 276 4821; x_wconf 90' lang='lat' dir='ltr'><strong>est,</strong></span> <span class='ocrx_word' id='word_1_429' title='bbox 306 4736 478 4802; x_wconf 78' lang='lat' dir='ltr'><strong>memoriae</strong></span> <span class='ocrx_word' id='word_1_430' title='bbox 492 4734 703 4802; x_wconf 88' lang='lat' dir='ltr'><strong>commendo.</strong></span> <span class='ocrx_word' id='word_1_431' title='bbox 720 4773 764 4785; x_wconf 97' lang='lat'><em>-</em></span> <span class='ocrx_word' id='word_1_432' title='bbox 776 4734 934 4800; x_wconf 77' lang='lat' dir='ltr'><strong>tanrrario</strong></span> <span class='ocrx_word' id='word_1_433' title='bbox 954 4755 1000 4798; x_wconf 90' lang='lat' dir='ltr'><strong>m.</strong></span> <span class='ocrx_word' id='word_1_434' title='bbox 1017 4733 1261 4798; x_wconf 79' lang='lat' dir='ltr'><strong>llllCCCLlilill.</strong></span> 
     </span>
    </p>
   </div>
   <div class='ocr_carea' id='block_1_7' title="bbox 832 4973 1219 5010">
    <p class='ocr_par' dir='ltr' id='par_1_7' title="bbox 832 4973 1219 5010">
     <span class='ocr_line' id='line_1_42' title="bbox 832 4973 1219 5010; baseline -0.01 0"><span class='ocrx_word' id='word_1_435' title='bbox 832 4973 1219 5010; x_wconf 60' lang='lat' dir='ltr'><strong>——-oe·—-—--</strong></span> 
     </span>
    </p>
   </div>
   <div class='ocr_carea' id='block_1_8' title="bbox 0 0 1910 5910">
    <p class='ocr_par' dir='ltr' id='par_1_8' title="bbox 0 0 1910 5910">
     <span class='ocr_line' id='line_1_43' title="bbox 0 0 1910 5910; baseline 0 4"><span class='ocrx_word' id='word_1_436' title='bbox 0 0 1910 5910; x_wconf 95' lang='lat' dir='ltr'><strong> </strong></span> 
     </span>
    </p>
   </div>
  </div>
 </body>
</html>
