3810 5910
451 387 574 447 CAPUT
596 386 645 444 tx.
669 382 949 446 EP.GRAMMATA
973 385 1307 447 brueusrtiurtvt.

119 527 217 597 χαῖρε,
234 520 278 575 καὶ
294 518 530 596 demembretur
545 516 608 597 ὑπὲρ
622 515 755 593 πατρίδος.

79 602 162 665 Ἰλιον
177 609 288 666 οἰκεῖται
304 605 393 676 κλεινὴ
408 606 482 669 πόλις
491 650 501 679 ,
516 604 610 683 ἄνδρας
622 604 719 683 ἔχουσα

913 506 919 527 '
933 523 1015 585 salte,
1027 527 1054 574 et
1066 525 1158 589 respira
1172 527 1272 589 paulum
1283 526 1314 576 de
1329 527 1414 590 petria.

903 610 963 660 ilion
979 611 1093 662 incolitur
1108 613 1258 674 darumbe,
1273 614 1339 665 iiras
1351 614 1443 666 babens

933 702 957 748 te
971 699 1070 762 quidem
1084 699 1252 765 ignobiliores,
1268 701 1311 752 sed
1324 703 1404 753 edituo
1417 703 1641 762 blartis·amautes·,

45 802 56 838 ι
83 784 246 859 Μυρμιδόνες
259 783 281 841 δ’
294 782 431 842 ἀπόλοντο.
446 782 612 860 Πορέστασο,
623 781 668 839 καλ
678 781 734 858 λίγ’
744 779 858 859 Ἀχιλλεῖ
902 788 1065 850 Mynnidenes
1077 793 1161 840 eutem
1174 791 1308 854 perierunt.
1323 793 1400 852 Ades,
1412 793 1486 844 etdie
1496 794 1580 844 Achilli

119 872 273 942 Θεσσαλίην
286 876 389 930 κεῖσθαι
400 879 488 930 πᾶσαν
504 873 547 929 ὑπ’
563 870 711 935 Αίνιοίδοιις.

389 1023 457 1075 ase.
480 1024 547 1097 aaa.

77 1147 140 1215 ΙΙρος
157 1161 232 1204 ταῦτα
247 1157 366 1219 ὑπέγραψα
383 1157 538 1219 στρατιώτης·
549 1158 605 1216 edei
618 1156 642 1204 δὲ
658 1158 775 1220 Τραϊανοῦ
789 1154 856 1203 εἶναι.

80 1281 225 1358 θάρσυνος·
235 1283 264 1339 οὗ
278 1281 329 1361 γὰρ
347 1283 411 1356 ἐμῆς
425 1280 530 1360 κόρυθος
544 1281 681 1340 λεύσσουσι
694 1278 825 1358 μέτωπον,

81 1423 139 1470 Εἶτα
149 1427 192 1471 τοῦ
209 1425 327 1479 Βασιλέως
337 1424 515 1483 ἐπαινέσαντος,
525 1426 564 1472 καὶ
578 1423 708 1487 γράψαντος
719 1443 731 1468 ιι
745 1423 857 1479 Δήλωσόν

312 1513 352 1555 μοι
362 1496 428 1559 sissi
439 1517 461 1555 ν,
470 1494 624 1560 ἀντέγραψαν·

82 1618 144 1689 Εἰμὶ
157 1617 205 1692 μὲν
220 1619 365 1699 εθθιέιρηκος
376 1619 512 1679 Ἐνυαλίου
527 1621 697 1696 πολεμιστής·

79 1709 131 1776 εἰμὶ
147 1705 176 1765 δέ
188 1707 235 1766 καλ
246 1709 366 1787 θεράπων
378 1707 533 1768 Ἑλικωνίου
549 1708 725 1785 Ἀπόλλωνος,

78 1797 164 1861 αὐτοῖς
184 1799 210 1854 ἐν
225 1796 352 1877 πρώτοισι
365 1797 518 1875 λελεγμένας
535 1799 715 1864 ἇσπιδιώταις.

148 1949 218 1999 390.
243 1939 532 2000 nuncupaturi·
553 1942 784 2002 ΣΜΥΡΝΑΙΟΥ.

78 2080 174 2139 Παισὶν
189 2080 233 2138 ἐπί
245 2080 379 2161 προτέροις
392 2081 443 2152 ήδη
458 2081 543 2159 τρίτον
559 2085 584 2140 έν
600 2089 663 2160 πυρὶ
677 2080 767 2162 μήτηρ

115 2175 206 2240 θεῖσα,
222 2170 267 2226 καί
281 2169 410 2249 ἀπλήστῳ
428 2172 533 2246 δαίμονι
548 2174 716 2251 μεμρομένη,

75 2255 199 2335 τέτρατον
212 2258 290 2335 ἄλγος
304 2258 405 2330 έτικτε,
416 2256 462 2318 καὶ
476 2261 523 2318 οὐκ
539 2260 671 2335 ἀνέμεινεν
686 2261 796 2333 ἀδήλους

116 2346 240 2419 ἐλπίδας,
255 2349 281 2405 έν
296 2348 324 2405 δέ
339 2348 401 2426 πυρί
415 2347 479 2416 ζωὸν
494 2350 570 2419 ἔθηκε
590 2351 696 2430 βρέφος,

78 2464 89 2488 ι
113 2438 154 2498 Οὐ
167 2436 255 2518 θρέψω
268 2463 280 2489 ι
296 2436 407 2505 λέξασα·
425 2466 438 2490 ι
460 2437 485 2495 τί
499 2438 550 2518 γὰρ
565 2437 642 2496 πλέον
651 2463 659 2512 ;
672 2433 742 2498 Ἄϊδι
760 2444 856 2515 μαστοὶ

116 2553 129 2579 ι
151 2525 281 2602 scripsere·
296 2524 416 2605 κερδήσω
428 2526 518 2592 πένθος
531 2529 705 2605 ἅμοχθότερον
721 2555 744 2587 ν.

323 2676 390 2727 tet.
415 2668 608 2727 ulorlltot.

73 2807 131 2867 Tit
147 2806 217 2879 ήὸαν
230 2809 256 2873 ές
267 2808 348 2866 ἄεθλα
362 2808 449 2874 ποίλας
462 2807 563 2881 ἤσκησε
576 2818 703 2886 κραταιᾶς

114 2895 133 2953 ἅ
147 2919 175 2954 τι
192 2897 355 2963 Ποσειδῶνος
368 2898 413 2955 καὶ
428 2898 488 2963 Διὸς
503 2897 619 2974 ἁγενιᾶ.

75 2987 168 3042 Κοῖτοι
183 2985 211 3042 δέ
225 3007 284 3066 opu
302 2985 372 3061 α’γὼν
384 2986 414 3044 οὔ
426 2985 533 3062 χαλκέω
546 2985 614 3064 ἀμρί
629 2985 752 3057 λέόητος,

114 3073 173 3130 ἀλλ’
188 3072 258 3136 ὅστις
272 3072 339 3140 ζωὰν
355 3071 485 3144 elcesaei
503 3075 623 3135 θοίνατον.

73 3155 193 3218 Ἀνταίου
209 3160 239 3217 τὸ
255 3163 370 3236 πτῶμα·
384 3160 479 3240 πρέπει
493 3163 517 3219 δ’
532 3160 666 3241 Ἡρακλέα
682 3174 754 3243 νικᾷν

112 3246 157 3303 τὸν
174 3248 242 3313 Διός.
289 3247 410 3329 Ἀργείων
425 3249 546 3322 ἁποίλα,
561 3248 719 3311 uidebitur.

351 3395 414 3447 ³92.
434 3399 573 3448 bbfldoli.

73 3525 107 3586 Ei
117 3548 154 3590 τις
170 3524 334 3601 ἀπάγξασθαι
350 3524 396 3602 μὲν
415 3528 499 3597 ὀκνεῖ,
515 3526 626 3585 θανοίτου
638 3527 661 3585 δ’
675 3528 811 3605 ἐπιθυμεῖ,

109 3613 135 3681 έξ
148 3613 232 3693 Ἱερᾶς
244 3615 351 3683 Πόλεως
363 3615 462 3695 ψυχρὸν
474 3616 543 3695 ὕδωρ
560 3615 654 3677 πιέτω.

103 3783 203 3849 Rmpim
219 3799 226 3833 ε
242 3785 325 3848 patriae
337 3785 371 3834 sic
381 3785 443 3834 bena
459 3785 505 3835 iata
517 3787 612 3850 jubent.

71 3866 156 3931 Aspice
167 3881 174 3914 ι
186 3881 268 3914 rursus
277 3863 350 3914 habet
362 3865 436 3917 torres
447 3883 499 3916 mea
510 3867 582 3932 Troja
596 3867 709 3928 colonos,

103 3952 132 3997 El
145 3947 189 3997 tibi
201 3947 243 4013 qui
254 3948 352 4013 eupiunt
360 3950 453 4008 cedere,
465 3966 513 3998 non
528 3949 591 3999 aliis.

70 4032 234 4098 Myrmidones
249 4031 343 4098 periere
358 4048 364 4082 :
377 4032 429 4083 lnce
437 4033 483 4083 hae
495 4049 590 4099 queque
601 4034 665 4084 norit
677 4032 784 4083 Achilles
798 4051 803 4084 :

104 4117 234 4166 AEneadum
251 4115 343 4181 patitur
353 4114 467 4166 Thessala
481 4124 547 4167 terra
557 4118 650 4183 jugum.

71 4237 128 4289 iss.
146 4237 191 4286 ab
213 4236 323 4287 versibus
344 4223 404 4286 ciem
419 4236 590 4306 subscripserat
609 4245 754 4289 Damaratus
776 4244 851 4306 Spar-

419 4321 490 4373 tiata.

72 4440 177 4489 λιιθαοοι
191 4455 198 4490 :
213 4439 328 4506 quoniam
343 4457 458 4506 nusquam
473 4458 525 4491 mea
537 4439 627 4508 casside
639 4453 717 4509 paret.

169 4578 226 4642 3⁸9.
244 4577 363 4642 Questus
375 4575 405 4625 ab
420 4582 567 4646 Imperatore
583 4577 635 4628 boee
646 4578 750 4629 addidit.

66 4697 175 4762 scriptor
185 4713 243 4761 ege,
256 4697 330 4748 lidum
343 4698 388 4749 sibi
402 4716 473 4765 quem
485 4701 532 4750 due
542 4702 640 4752 nurnine
651 4711 749 4764 uerunt,

68 4783 133 4829 biars
144 4781 209 4831 ierus
223 4793 246 4832 et
257 4783 334 4834 aneti
342 4794 421 4834 eustos
433 4785 557 4835 Heliconis
567 4787 657 4851 Apollo

269 4923 325 4986 δρα.
342 4938 497 4971 unsarana
513 4939 639 4973 οιιτσαιι.

66 5059 164 5106 usserat
173 5053 258 5105 infelix
267 5071 298 5106 ex
305 5072 331 5106 se
340 5056 386 5106 tria
396 5057 478 5106 lunera
492 5067 579 5119 mater,

97 5143 213 5188 incusans
224 5137 306 5187 aridos
314 5138 340 5188 in
351 5155 393 5189 sua
404 5141 490 5189 demna
502 5144 573 5199 Deos,

65 5226 98 5271 b't
111 5223 208 5289 peperit
222 5231 333 5288 quartum
342 5259 349 5282 ,
359 5239 413 5273 cum
423 5240 464 5291 spe
477 5240 524 5274 non
536 5222 658 5274 contrabit
672 5223 745 5286 ultra,

173 5322 328 5360 ssruewets.
341 5323 367 5358 n.

933 875 1082 925 Thessaliam
1096 877 1178 939 jacere
1197 881 1275 927 tetam
1292 879 1339 928 sub
1357 880 1479 930 AEneadis

1228 1025 1282 1071 388.
1304 1025 1358 1072 ³89.

966 1158 1001 1202 Ad
1013 1157 1060 1203 bec
1069 1158 1201 1216 subscripsit
1212 1160 1287 1210 suites.
1298 1161 1379 1206 dictast
1390 1165 1467 1206 autem
1477 1163 1626 1216 metantem.

903 1291 986 1349 Audax
1005 1296 1042 1344 est
1053 1311 1062 1345 .·
1075 1308 1122 1343 non
1135 1295 1200 1345 enim
1212 1310 1275 1346 mear
1287 1297 1362 1361 gaieta
1379 1297 1462 1348 rident
1476 1299 1587 1349 luentem.

904 1432 960 1476 bein
978 1435 1119 1491 imperatore
1131 1433 1269 1480 laudantest
1286 1437 1441 1483 subscribente
1453 1439 1552 1483 Ostende
1562 1439 1622 1482 mibi
1631 1451 1681 1494 qna

1206 1514 1239 1558 ris
1249 1516 1360 1572 rescripsit
1372 1531 1379 1559 ι

903 1623 962 1668 Sum
974 1619 1073 1682 quidem
1085 1619 1249 1672 beuelnrieati
1263 1623 1347 1672 llartis
1361 1627 1495 1688 pugnatun

902 1721 956 1757 sum
968 1721 1025 1757 vero
1038 1711 1064 1758 ct
1077 1708 1182 1758 famulus
1197 1710 1313 1759 Heliconii
1325 1711 1453 1774 Apollinis,

901 1794 960 1856 ipsis
977 1795 1001 1844 in
1019 1795 1102 1858 primis
1112 1795 1379 1868 citatusflbellateribus.

1071 1943 1124 1990 390.
1141 1943 1335 1993 lteurcuu'rts
1356 1945 1512 1994 sttrtttttet.

901 2077 1000 2128 Liberos
1015 2093 1087 2143 super
1100 2080 1192 2144 priores
1203 2082 1252 2144 jani
1263 2083 1361 2132 tertium
1373 2084 1398 2133 in
1411 2084 1465 2149 igue
1481 2088 1559 2136 mater

934 2179 1039 2229 peneus,
1051 2171 1077 2218 et
1085 2168 1236 2233 inexpletum
1248 2170 1384 2222 detonuere
1398 2173 1526 2234 incusans,

901 2256 1017 2316 quadum
1031 2254 1141 2306 dolerem
1153 2260 1256 2321 peperit,
1267 2263 1293 2309 et
1305 2275 1353 2310 uon
1370 2263 1522 2325 exspectarit
1531 2265 1636 2315 incertas

933 2357 1004 2406 spes,
1017 2345 1060 2395 sed
1075 2345 1098 2395 in
1110 2345 1166 2409 igne
1183 2348 1264 2397 virum
1278 2349 1360 2412 posuit
1373 2350 1505 2412 infantem,

902 2451 913 2473 ι
934 2435 984 2481 lton
999 2433 1061 2482 alain
1070 2457 1096 2497 ν,
1116 2433 1213 2494 dicens,
1228 2458 1239 2479 ιι
1254 2437 1312 2499 quid
1325 2438 1389 2488 enirn
1397 2440 1483 2502 jurat?
1496 2445 1680 2492 Oreomemtne

933 2519 1046 2570 laboratis
1063 2559 1068 2570 .
1083 2522 1195 2573 lucrabor
1206 2525 1300 2574 luctum
1312 2526 1562 2579 minus-laboriosum.
1575 2551 1586 2573 ν

1189 2681 1242 2727 391.
1262 2680 1394 2728 ΒΙΟΤΙΜΙ.

899 2810 1097 2860 titveututemin
1114 2811 1246 2862 certamine
1256 2813 1329 2863 luette
1345 2816 1455 2865 exercuit
1471 2817 1578 2867 robuste

931 2898 1034 2960 Neptuni
1047 2901 1073 2948 et
1085 2898 1156 2949 levis
1167 2899 1220 2950 liare
1234 2900 1338 2952 soboles.

900 2990 953 3037 stat
969 2991 1050 3038 autern
1064 2988 1101 3039 eis
1114 2993 1237 3040 certamen
1249 3004 1297 3040 nou
1313 3005 1408 3042 aeneum
1424 2993 1488 3043 eirca
1500 2992 1617 3053 lebetem.

930 3075 973 3125 sed
984 3079 1040 3126 uter
1051 3076 1125 3127 vitam
1138 3077 1231 3129 videbit
1243 3082 1287 3129 aut
1302 3083 1416 3129 mortem.

899 3165 977 3214 stilai
988 3178 1061 3216 cesus
1073 3170 1130 3228 est:
1143 3166 1214 3217 decet
1224 3171 1305 3218 autern
1319 3170 1449 3221 uaedam
1461 3169 1558 3221 sineere

931 3254 1008 3304 silium
1019 3245 1096 3306 ioris.
1129 3256 1274 3320 Argivorum
1283 3257 1349 3308 lucta
1359 3261 1404 3319 est,
1415 3273 1463 3309 neu
1474 3259 1585 3323 Libyam.

1177 3412 1232 3458 392.
1259 3417 1397 3461 INCEle.

898 3537 921 3584 Si
934 3537 990 3599 quis
1004 3537 1189 3601 suspenderesc
1207 3539 1334 3599 formidet,
1346 3539 1390 3589 sed
1401 3543 1505 3589 inertem
1515 3538 1596 3602 eupit,

929 3640 956 3674 es
976 3625 1097 3688 Hierapoli
1109 3626 1220 3689 leigitlum
1233 3641 1320 3688 aquarn
1331 3627 1414 3676 bibite.

931 3787 976 3836 Sed
990 3786 1070 3835 virum
1084 3804 1186 3854 puerum
1201 3789 1269 3853 pouit
1281 3789 1305 3836 iu
1318 3789 1370 3852 igne
1379 3788 1447 3853 rogi3

899 3872 928 3917 Et
940 3885 997 3929 non,
1011 3869 1100 3934 inquit,
1113 3870 1184 3920 alam.
1194 3869 1246 3920 Diti
1259 3885 1302 3919 eur
1315 3880 1398 3919 uestra
1408 3871 1546 3920 ministrent

931 3950 1009 4000 Ubera
1017 3954 1028 4000 l
1036 3951 1085 4000 sint
1096 3951 1173 4000 luctus
1186 3951 1276 4016 absque
1285 3952 1367 4001 labore
1382 3953 1438 4002 mei.

1197 4114 1255 4177 391.
1275 4129 1386 4165 pruriat.

1136 4250 1173 4295 De
1190 4245 1292 4295 Hercule
1305 4259 1327 4295 et
1340 4253 1437 4298 Antoea.

897 4414 923 4458 ln
940 4411 1002 4459 lucta
1015 4411 1077 4460 vires
1086 4412 1242 4477 exploravere
1251 4413 1370 4478 juvente,

928 4495 1041 4558 Neptune
1052 4503 1115 4542 satus
1129 4492 1183 4554 hie,
1199 4504 1223 4543 et
1230 4505 1293 4543 sultis
1306 4494 1346 4542 ilie
1359 4499 1418 4543 Jove
1436 4510 1442 4542 τ

897 4579 950 4623 Neu
962 4592 991 4624 ei·
1001 4592 1048 4624 aere
1064 4576 1128 4625 lebes
1138 4577 1242 4642 pretium
1256 4577 1392 4626 certaminis
1405 4576 1484 4643 hujus,

928 4659 972 4708 Sed
983 4670 1104 4724 superaret
1115 4668 1181 4715 uter,
1197 4662 1237 4709 setl
1252 4671 1385 4709 moreretur
1402 4670 1463 4710 ater.

894 4743 988 4793 Occidit
1000 4748 1095 4792 buliens
1107 4760 1113 4793 ι
1128 4761 1171 4810 par
1182 4755 1217 4793 est
1227 4748 1286 4793 Jove
1301 4745 1394 4792 sineere
1406 4753 1504 4805 natum;

927 4832 1000 4876 Lueta
1016 4843 1110 4893 quoque
1120 4828 1234 4892 Argiuum
1247 4829 1336 4892 ptos-in,
1351 4845 1399 4876 nen
1412 4827 1521 4893 Libynnr.

1190 4993 1247 5055 ³9²·
1272 5008 1381 5041 ιιιοικτι.

891 5143 915 5193 Si
927 5141 979 5207 quis
989 5157 1052 5190 amas
1069 5149 1186 5197 mertem,
1203 5142 1243 5190 sed
1256 5151 1279 5190 te
1291 5139 1435 5206 suspendere
1444 5157 1492 5189 non
1506 5141 1559 5199 sis,

923 5228 994 5274 Sacra
1006 5223 1124 5290 Phrygum
1140 5225 1227 5289 gelidas
1237 5225 1294 5273 urbs
1307 5224 1349 5273 tibi
1365 5223 1452 5290 prebet
1466 5239 1548 5288 arpinis.

1549 5319 1564 5357 b
