3810 5910
381 306 505 365 CAPUT
525 306 575 366 XI.
599 300 880 365 EPlnnanillrn
900 296 1131 392 cuuvlvnsln
1153 296 1202 355 ET
1222 295 1419 357 lltltlsoltln.
1658 297 1712 356 287

108 439 209 505 Ὄντως
221 439 364 517 οἰνοχάροιν
379 441 392 494 ό
407 438 591 515 μονόμματος,
605 426 627 516 ᾧ
642 433 674 494 σὺ
688 435 802 514 τάχιστα

149 525 197 598 τὴν
214 525 294 596 αὐτὴν
310 524 428 604 πάμψαις
446 526 472 593 ἐξ
487 523 577 585 Ἀΐδεω
592 524 729 602 πρόποσιν.

361 670 407 720 13.
433 658 646 720 ΑΜΜΙΑΝΟΥ.

111 802 180 873 Ἠὼς
193 807 219 875 ἐξ
232 810 294 877 ἠοῦς
309 807 534 887 παραπέμπεται,
551 796 609 881 εἶτ’,
625 806 792 882 desinimus

150 900 235 971 ἡμῶν,
249 896 369 976 ἐξαίφνης
383 895 438 967 ἥξει
450 901 463 954 d
474 894 632 975 πορφύρεος,

110 985 156 1042 καλ
169 983 228 1049 τοὺς
244 985 290 1061 μὲν
303 984 397 1060 τήξας,
415 987 474 1050 τοὺς
490 983 512 1040 δ’
524 982 655 1058 ὀπτήσας,
666 980 745 1047 ἐνίους
760 979 787 1038 δὲ

150 1075 285 1153 φυσήσας,
302 1073 357 1142 ἄξει
374 1073 474 1138 πάντας
489 1069 552 1138 isis
572 1071 713 1151 βάραθρον.
799 1133 802 1138 ,

379 1231 421 1280 li.
441 1231 501 1276 ΤΟΥ
519 1231 626 1278 ΑΥΤΟΥ.

112 1365 205 1442 Ἐχθὲς
218 1367 261 1425 ἐπὶ
275 1364 359 1433 ξενίαν
372 1365 493 1437 κληθεὶς,
511 1363 553 1423 ότι
568 1363 657 1444 καιρὸς
671 1363 752 1422 ὕπνου
768 1384 811 1439 μοι
827 1403 835 1436 ,

151 1453 217 1530 πύλῃ
232 1453 389 1521 insiliveris
406 1455 533 1533 Γοργόνος
547 1451 564 1522 ἢ
582 1452 698 1524 Νιόόης,

111 1539 142 1610 ἣν
157 1540 240 1605 οὐδεὶς
255 1539 359 1619 όφηνιν,
374 1540 503 1617 seirpus
519 1540 551 1609 δ’,
566 1539 583 1609 ἢ
599 1539 746 1608 πιλεκήσας

152 1629 182 1684 ἐκ
195 1631 247 1685 τῶν
262 1629 396 1702 λατομιῶν
409 1628 507 1706 ἤγαγεν
523 1630 559 1693 εἰς
573 1626 606 1686 τὰ
623 1627 754 1706 Πρόκλου.

112 1713 159 1782 Ἐξ
173 1708 236 1785 1,ςεί
252 1713 289 1790 μὴ
304 1721 395 1774 θᾶττον
411 1716 569 1795 ἓπηγέρθην,
586 1716 702 1793 Πρόκλος
715 1715 747 1773 iv
762 1736 806 1791 μοι

152 1802 198 1874 τὴν
213 1802 293 1876 τόλην
308 1804 408 1875 στήλην
424 1806 440 1875 ἢ
456 1805 531 1882 σορόν
547 1804 695 1884 εἰργάσατο.
816 1798 818 1800 .

384 1954 427 2003 15.
446 1955 505 1999 ΤΟΥ
523 1956 629 2002 strui.

115 2083 147 2141 Ei
164 2081 211 2159 μὲν
227 2081 284 2148 τοὺς
298 2081 349 2139 άπὸ
365 2081 436 2161 άλφα
451 2083 544 2156 μόνους
559 2083 678 2160 κέκρικας
692 2080 874 2158 κατορύσσειν,

155 2169 269 2248 Αοόκιε,
286 2171 427 2248 βουλευτὰς
443 2171 547 2228 καὶτὸν
563 2171 672 2249 ἀδελφὸν
688 2168 764 2248 ἔχεις·
826 2233 831 2241 ,

114 2258 180 2327 εἶδ’,
198 2259 261 2337 ὅπερ
280 2259 384 2336 εὔλογόν
400 2261 463 2329 ἔστι,
477 2259 546 2318 κατὰ
563 2266 692 2338 στοιχεῖον
706 2255 818 2329 disticte,

154 2347 219 2419 ἤδη,
232 2348 272 2404 σοὶ
285 2348 419 2424 προλέγον,
433 2344 570 2426 Ὠριγένης
584 2347 704 2424 λέγομαι.

365 2493 406 2543 16.
427 2488 503 2556 [ror
516 2491 646 2558 urion]

118 2621 218 2685 Κόλλος
232 2621 277 2677 καὶ
292 2624 404 2698 Αεῦρος,
424 2621 617 2684 lisoiensis
632 2621 816 2704 ἐγχεσίμωροι·

157 2708 258 2774 litiis<
271 2710 294 2766 δ’
311 2711 340 2767 ἐκ
355 2710 454 2768 τούτων
467 2710 714 2791 ἔγγεσιμωρότερος.

366 2859 412 2909 ti.
437 2850 644 2910 lillianolt

115 2979 168 3046 Ἦν
182 2987 313 3069 Στέφανος
327 2993 433 3070 πτωχὸς
446 2990 544 3064 κηπεύς
558 2993 581 3050 θ’
593 2990 658 3067 ἅμα·
670 2993 715 3048 ν’ὕν
725 2987 752 3050 δὲ
766 2992 898 3073 προκόψας

155 3079 281 3154 πλουτεῖ,
298 3081 343 3137 καὶ
359 3080 476 3158 γεγάνητ’
492 3079 552 3138 riti
567 3079 777 3157 Φιλοστέφανος,

114 3163 229 3244 τέσσαρα
241 3169 279 3246 τῷ
291 3166 388 3249 πρώτῳ
398 3169 526 3248 Στεφάνῳ
535 3167 757 3246 κοιλὰγράριματα
769 3169 897 3245 προσθείς·

153 3252 227 3312 ἔσται
245 3253 266 3312 δ’
282 3256 317 3320 εἰς
328 3252 396 3335 ὥρας
410 3254 702 3337 Ἱπποκρατιππιάδης,

114 3339 131 3409 ἢ
146 3339 189 3398 tri
202 3340 250 3411 τὴν
263 3344 402 3416 σπατάλην
417 3345 737 3425 Διονυσιοπηγανόδωρος·

155 3434 180 3488 ἐν
195 3431 217 3487 δ’
232 3433 398 3513 άγορανομίιρ
413 3433 491 3490 παντλ
507 3433 578 3508 με’νει
595 3430 736 3514 Στέφανος.

381 3574 422 3622 18.
444 3577 504 3620 ΤΟΥ
522 3575 628 3624 ΑΥΤΟΥ.

115 3699 173 3757 Οὐκ
190 3700 216 3756 ἐν
231 3699 326 3777 γαστρὶ
341 3699 461 3758 >lodoico
476 3700 613 3760 Φιλαίνιον
630 3698 783 3781 ἹΙλιοδόιρῳ

116 3867 214 3915 Ferreus
227 3865 268 3915 ille
278 3867 354 3915 cocles
367 3868 424 3916 :sed
439 3877 463 3915 tu
476 3885 518 3933 par
530 3885 616 3916 rnunus
626 3868 657 3917 sb
667 3872 747 3930 Orco,

150 3949 220 4012 Quod
232 3948 314 4011 bibet,
326 3949 351 3997 in
364 3958 439 3998 terres
452 3950 521 3999 mitte
530 3949 646 4001 charonti
659 3967 730 4001 noro.

416 4052 455 4100 13.
473 4068 594 4102 securint.

122 4132 200 4182 litera
213 4128 301 4180 securis
311 4131 351 4179 ius
363 4132 449 4182 transit
461 4143 486 4182 et
494 4133 571 4183 nitere
586 4133 656 4183 nobis
668 4173 674 4196 ‚

149 4218 231 4263 Donec
243 4214 273 4262 nd
285 4214 393 4263 incautos
403 4215 500 4265 sdvenil
509 4227 561 4266 stre
577 4221 637 4268 uea.

122 4294 327 4361 disiunctione,
340 4296 448 4358 inflatos,
463 4298 556 4362 ignibus
568 4307 649 4361 ustos,

148 4384 194 4431 Tot
207 4379 285 4429 sorios
298 4395 373 4429 unum
384 4381 465 4446 dejicit
474 4382 499 4431 in
513 4381 664 4433 barathrum.

428 4490 466 4538 ri.
485 4500 602 4532 nusum.

117 4567 188 4613 Forte
201 4572 297 4612 voratus
310 4562 362 4612 heri
375 4564 488 4620 consiva,
501 4567 594 4632 soporis
608 4566 632 4614 in
645 4564 704 4613 hors
712 4602 719 4626 ,

151 4647 251 4697 Incubui
260 4657 335 4697 stralo
346 4650 464 4713 Gorgonis
479 4658 520 4699 aut
533 4650 624 4699 Niobes
636 4665 643 4697 :

116 4729 203 4780 Texuit
212 4729 259 4779 hoc
271 4744 342 4778 nemo
357 4745 363 4779 :
379 4731 421 4780 sed
432 4747 497 4780 serra
513 4733 550 4780 vel
562 4747 630 4797 esprs
645 4731 733 4781 securu

149 4820 184 4864 Ex
193 4815 252 4864 durs
266 4815 341 4862 secuit
355 4830 427 4881 rupe,
440 4816 573 4880 Procloque
587 4816 650 4864 tulit.

117 4904 145 4950 ii
162 4900 314 4948 surrexissem
326 4899 371 4948 nisi
385 4910 421 4949 snt
436 4900 498 4960 cito,
512 4900 610 4957 Proele,
626 4915 721 4965 psrsrm

150 4989 284 5033 prostrato
298 4983 395 5049 cippum
411 4993 438 5032 tu
451 4982 528 5044 mihi,
544 4985 580 5033 vel
596 4984 723 5032 tumuinm.

422 5085 459 5133 15.
479 5099 598 5132 srusnsrs.

119 5167 173 5217 eois
183 5168 326 5217 Senatorum
338 5165 357 5213 si
367 5164 463 5214 nomina
475 5165 560 5230 queris
575 5165 606 5214 ab
617 5161 697 5231 Alpis
708 5198 714 5220 ,

911 437 916 515 l
935 439 1028 488 llerere
1039 435 1244 486 inviso-Chiron
1263 437 1299 485 erl
1321 434 1361 485 ille
1373 437 1510 496 unoculus,
1528 434 1568 484 cul
1585 436 1614 484 tu
1630 447 1718 500 quem--

966 524 1068 575 esndem
1083 525 1167 574 mitiss
1180 536 1209 575 ex
1220 526 1284 574 Orco
1296 522 1500 588 propinationem.
1596 523 1720 588 [primum

1201 628 1203 633 Ι
1230 667 1266 715 1³.
1287 665 1432 715 illtlllllil.

937 808 1033 853 Aurora
1045 808 1100 868 post
1111 818 1228 855 surorum
1241 803 1365 869 procedit,
1381 804 1453 865 dein,
1469 804 1646 870 negligentibus

968 893 1051 952 nobis,
1067 898 1166 957 repente
1179 893 1262 946 reniet
1275 908 1398 959 purpurea
1411 908 1494 956 mors,

938 984 963 1031 et
975 981 1036 1033 elios
1047 982 1147 1045 quidem
1160 980 1328 1046 liquefaciens,
1341 981 1402 1033 elios
1412 997 1470 1034 vero
1479 987 1587 1045 torrens,
1602 984 1723 1048 qrrusrlern
1798 1046 1803 1057 t

969 1069 1073 1130 inlisus,
1088 1073 1144 1136 eget
1154 1084 1240 1122 omnes
1250 1085 1328 1122 ιιιιιιιιι
1339 1070 1365 1122 in
1377 1070 1528 1124 bemiirurn.
1632 1073 1723 1137 [sutem

1227 1216 1263 1262 14.
1287 1225 1441 1267 esusnsli.

940 1351 1000 1402 Heri
1010 1351 1041 1402 ad
1052 1350 1311 1416 hospitalem-conam
1323 1357 1440 1415 rosetus,
1453 1365 1531 1418 quum
1543 1357 1641 1418 tempus
1659 1357 1724 1405 esset

970 1440 1080 1491 euleitrae
1091 1440 1193 1491 incubui
1207 1441 1326 1506 Gorgonis
1338 1445 1381 1492 sui
1395 1441 1493 1504 Niobe,
1551 1442 1641 1508 [somni
1654 1444 1723 1507 milri,

940 1544 1014 1593 quern
1024 1543 1095 1581 nemo
1102 1530 1187 1592 texuit,
1198 1530 1243 1582 sed
1251 1531 1450 1596 serre-desecuit,
1460 1536 1503 1583 sut
1510 1531 1724 1585 securi-abscisum

971 1633 985 1668 e
997 1617 1135 1684 lapicidinis
1148 1619 1253 1670 adduxit
1265 1620 1290 1670 in
1307 1621 1387 1671 Procli
1396 1621 1505 1672 domum.

941 1711 976 1756 Ex
988 1720 1038 1771 qus
1048 1705 1095 1758 nisi
1106 1706 1181 1758 citius
1195 1712 1460 1773 experrectus-essem,
1474 1710 1575 1762 Procius
1588 1711 1649 1762 milri

972 1795 1100 1847 culcitram
1112 1795 1211 1861 cippum
1221 1792 1267 1847 isut
1277 1797 1523 1850 monumen-emm
1538 1801 1645 1852 ledisset

1227 1955 1263 2000 15.
1286 1952 1439 1995 BJUSDBH.
1472 1988 1473 1991 ,

941 2081 969 2132 Si
980 2081 1036 2131 hom
1042 2081 1095 2132 ines
1107 2084 1213 2131 nornine
1226 2081 1257 2132 nb
1270 2090 1287 2133 Α
1302 2083 1445 2148 incipiente
1457 2083 1523 2135 solos
1537 2083 1668 2135 decrevisti
1681 2085 1722 2136 ds·

973 2169 1041 2232 Luci,
1050 2171 1176 2220 senatores
1188 2168 1501 2238 etidelpirumifratrem)
1515 2171 1605 2232 λιιιΙιοος
1621 2171 1725 2237 [lodus.

943 2264 1051 2321 sivero,
1067 2258 1135 2324 quod
1150 2258 1446 2314 miloni-consentaneum
1457 2267 1510 2324 est,
1527 2262 1663 2315 secundum
1676 2265 1724 2314 ele-

953 2358 958 2366 '
970 2351 1037 2413 jem,
1050 2354 1076 2402 te
1091 2362 1241 2415 praemoneo,
1254 2350 1372 2425 Origenes
1384 2366 1469 2403 recor.
1502 2351 1724 2417 [montemedio.

1230 2487 1268 2532 ld·
1291 2493 1322 2535 Β]
1329 2495 1442 2537 USDEM.

943 2625 1169 2688 Gyllmetleurus,
1181 2626 1233 2678 duo
1244 2626 1355 2679 Tiresssli
1367 2625 1585 2677 lanceis-furentes
1605 2623 1725 2688 (stoiti);

975 2718 1059 2779 cyltus
1072 2721 1154 2777 eutem
1167 2732 1198 2768 ex
1210 2717 1240 2769 iis
1251 2717 1484 2769 lanceis-iurentior.

1229 2869 1264 2914 ri.
1281 2865 1440 2913 nlclliulll.

943 3009 1002 3056 Hrnt
1013 3006 1152 3070 Stephanus
1163 3021 1255 3073 egenus
1266 3012 1292 3058 et
1304 3008 1378 3058 olitor
1394 3008 1480 3067 sinrul;
1494 3021 1559 3057 nune
1575 3010 1657 3056 aulem
1669 3019 1722 3069 pro·

973 3095 1106 3158 dissent,
1121 3100 1147 3147 ct
1161 3095 1242 3147 iectus
1256 3095 1342 3148 stetim
1356 3095 1574 3160 Philostephanus,
1623 3095 1726 3159 [rectus

943 3186 1061 3246 quattuor
1074 3184 1155 3248 primo
1166 3184 1290 3249 Stephano
1304 3186 1420 3250 pulchras
1434 3184 1518 3234 literas
1530 3182 1657 3248 adiiciens3

974 3272 1022 3322 erit
1033 3275 1117 3323 sutem
1127 3271 1197 3334 iusto
1209 3276 1321 3338 tempore
1336 3271 1593 3337 Hippocrslippisdes,

943 3365 986 3411 sut
999 3362 1032 3412 ob
1042 3361 1167 3413 luxuriam
1186 3361 1474 3428 Dionysiopegsnodurus
1488 3384 1493 3411 ι

974 3465 1060 3502 remur
1074 3452 1099 3502 in
1111 3453 1164 3503 loro
1177 3452 1244 3502 ouini
1257 3455 1341 3503 menet
1356 3452 1504 3516 Stephanus.

1234 3598 1269 3647 i8.
1292 3605 1444 3647 nitrensis.

944 3711 997 3757 lton
1009 3708 1035 3759 in
1047 3712 1131 3760 vostre
1144 3711 1355 3773 quaeeonoeperst
1368 3708 1515 3759 Philaentuns
1527 3707 1659 3759 Heliodoro

921 3866 930 3874 “
978 3873 1044 3933 Quos
1058 3872 1174 3936 perimas,
1190 3872 1265 3933 Luci,
1279 3871 1353 3919 irater
1370 3870 1460 3919 Alauda
1476 3869 1518 3919 libi
1533 3879 1576 3920 cst.
1663 3881 1664 3884 ’

947 3959 977 4001 it
986 3955 1021 4015 si,
1036 3956 1098 4020 quod
1112 3944 1178 4004 rslio>
1188 3963 1233 4016 est,
1247 3955 1366 4004 elementa
1379 3969 1422 4020 per
1432 3953 1511 4003 omnia
1525 3953 1597 4018 pergil

976 4037 1083 4093 Ordine,
1097 4039 1215 4104 predico,
1229 4038 1342 4088 nominor
1353 4037 1475 4104 Origenes.

1245 4151 1285 4199 τό.
1304 4164 1418 4199 suurltit

943 4245 1070 4312 Deripiunt
1085 4248 1168 4311 gladiis
1184 4249 1232 4297 duo
1246 4248 1360 4298 Thessala
1374 4247 1488 4310 nomino,
1504 4249 1575 4314 cyitis

968 4329 1070 4411 'Scilicet
1082 4339 1106 4379 el
1117 4334 1223 4392 Leurus,
1236 4331 1277 4380 sed
1288 4330 1360 4394 magis
1370 4330 1411 4380 iile
1421 4339 1511 4380 terneu.

1250 4447 1289 4492 ιφ.
1305 4446 1430 4480 ιιισιισιτ.

943 4527 991 4589 Qui
1005 4528 1138 4594 &ephesius
1149 4528 1226 4579 iuerat
1240 4545 1301 4596 puer
1313 4531 1338 4581 in
1349 4547 1376 4581 re
1388 4545 1508 4597 paupere,
1523 4546 1588 4580 uune
1603 4546 1633 4579 u:

978 4615 1006 4660 El
1018 4613 1084 4662 dives
1095 4615 1182 4679 gaudet
1192 4631 1252 4665 soce
1264 4613 1454 4681 Philostepheni.

944 4693 981 4742 Ad
994 4704 1061 4745 retus
1074 4697 1174 4748 accesit
1187 4697 1339 4764 quadruplex
1348 4713 1409 4747 nore
1425 4697 1495 4746 litere
1504 4711 1591 4746 nomen
1605 4710 1611 4745 ε

977 4781 1032 4827 Esse
1050 4779 1114 4828 solet
1122 4779 1173 4845 jam
1185 4795 1241 4830 mox
1254 4779 1499 4846 Hippocratippidiru,

944 4864 994 4911 Aut
1005 4878 1054 4928 prae
1063 4862 1158 4912 luxurie
1169 4863 1460 4930 Dionysiopeganodorus.

978 4946 1048 4994 Nunc
1062 4961 1159 5012 quoque
1170 4946 1211 4996 sed
1219 4944 1368 5013 stephanum
1380 4945 1489 4994 nominet
1502 4958 1573 4993 omne
1586 4943 1673 4992 ionun.

1246 5058 1286 5105 rs.
1305 5070 1424 5104 uorum.

944 5165 980 5213 iix
994 5173 1064 5215 utero
1074 5175 1182 5231 turgente
1197 5163 1329 5216 Philrenion
1347 5163 1480 5216 Heliodoro
