<?xml version="1.0" encoding="UTF-8"?>
<!DOCTYPE html PUBLIC "-//W3C//DTD XHTML 1.0 Transitional//EN"
    "http://www.w3.org/TR/xhtml1/DTD/xhtml1-transitional.dtd">
<html xmlns="http://www.w3.org/1999/xhtml" xml:lang="en" lang="en">
 <head>
  <title>
</title>
<meta http-equiv="Content-Type" content="text/html;charset=utf-8" />
  <meta name='ocr-system' content='tesseract 3.04.00' />
  <meta name='ocr-capabilities' content='ocr_page ocr_carea ocr_par ocr_line ocrx_word'/>
</head>
<body>
  <div class='ocr_page' id='page_1' title='image "./epigrammatumant01plangoog_0605.png"; bbox 0 0 3810 5910; ppageno 0'>
   <div class='ocr_carea' id='block_1_1' title="bbox 773 316 1258 434">
    <p class='ocr_par' dir='ltr' id='par_1_1' title="bbox 773 316 1258 434">
     <span class='ocr_line' id='line_1_1' title="bbox 773 316 1258 434; baseline 0.004 -4"><span class='ocrx_word' id='word_1_1' title='bbox 773 316 1030 430; x_wconf 62' lang='lat' dir='ltr'><strong>hnl&#39;ltillourffl</strong></span> <span class='ocrx_word' id='word_1_2' title='bbox 1053 371 1258 434; x_wconf 82' lang='lat' dir='ltr'><strong>PALATINAE</strong></span> 
     </span>
    </p>
   </div>
   <div class='ocr_carea' id='block_1_2' title="bbox 668 599 1256 708">
    <p class='ocr_par' dir='ltr' id='par_1_2' title="bbox 668 599 1256 708">
     <span class='ocr_line' id='line_1_2' title="bbox 668 599 1256 708; baseline -0.017 -23"><span class='ocrx_word' id='word_1_3' title='bbox 668 672 683 694; x_wconf 73' lang='grc'><strong>,,</strong></span> <span class='ocrx_word' id='word_1_4' title='bbox 778 599 847 676; x_wconf 81' lang='lat' dir='ltr'><strong>ex</strong></span> <span class='ocrx_word' id='word_1_5' title='bbox 876 601 1018 708; x_wconf 72' lang='lat' dir='ltr'><strong>hreno</strong></span> <span class='ocrx_word' id='word_1_6' title='bbox 1052 600 1256 694; x_wconf 78' lang='lat' dir='ltr'><strong>oururo,</strong></span> 
     </span>
    </p>
   </div>
   <div class='ocr_carea' id='block_1_3' title="bbox 257 829 1824 914">
    <p class='ocr_par' dir='ltr' id='par_1_3' title="bbox 257 829 1824 914">
     <span class='ocr_line' id='line_1_3' title="bbox 257 829 1824 914; baseline -0.003 -24"><span class='ocrx_word' id='word_1_7' title='bbox 257 831 303 896; x_wconf 65' lang='lat' dir='ltr'><strong>lite</strong></span> <span class='ocrx_word' id='word_1_8' title='bbox 314 829 360 897; x_wconf 85' lang='grc' dir='ltr'>τδις</span> <span class='ocrx_word' id='word_1_9' title='bbox 371 832 397 889; x_wconf 74' lang='grc' dir='ltr'>ἓν</span> <span class='ocrx_word' id='word_1_10' title='bbox 412 836 451 912; x_wconf 81' lang='grc' dir='ltr'><strong>τῷ</strong></span> <span class='ocrx_word' id='word_1_11' title='bbox 465 829 633 914; x_wconf 63' lang='grc' dir='ltr'>Ἱππιέρυαῳ</span> <span class='ocrx_word' id='word_1_12' title='bbox 653 839 953 909; x_wconf 82' lang='grc' dir='ltr'>Κοινσταντινουπολεως</span> <span class='ocrx_word' id='word_1_13' title='bbox 1012 846 1018 894; x_wconf 88' lang='lat' dir='ltr'><strong>l</strong></span> <span class='ocrx_word' id='word_1_14' title='bbox 1040 842 1068 891; x_wconf 93' lang='lat' dir='ltr'><strong>ln</strong></span> <span class='ocrx_word' id='word_1_15' title='bbox 1087 842 1182 891; x_wconf 72' lang='lat' dir='ltr'><strong>matun</strong></span> <span class='ocrx_word' id='word_1_16' title='bbox 1201 838 1352 890; x_wconf 72' lang='lat' dir='ltr'><strong>athletarum</strong></span> <span class='ocrx_word' id='word_1_17' title='bbox 1370 842 1398 886; x_wconf 90' lang='lat' dir='ltr'><strong>m</strong></span> <span class='ocrx_word' id='word_1_18' title='bbox 1413 837 1581 901; x_wconf 84' lang='lat' dir='ltr'><strong>Hippolmmo</strong></span> <span class='ocrx_word' id='word_1_19' title='bbox 1595 836 1824 899; x_wconf 74' lang='lat' dir='ltr'><strong>Constantinopolis</strong></span> 
     </span>
    </p>
   </div>
   <div class='ocr_carea' id='block_1_4' title="bbox 213 920 895 1262">
    <p class='ocr_par' dir='ltr' id='par_1_4' title="bbox 213 920 895 1262">
     <span class='ocr_line' id='line_1_4' title="bbox 357 920 864 1006; baseline 0.018 -28"><span class='ocrx_word' id='word_1_20' title='bbox 357 920 455 988; x_wconf 76' lang='grc' dir='ltr'>στήλας</span> <span class='ocrx_word' id='word_1_21' title='bbox 465 926 518 980; x_wconf 82' lang='grc' dir='ltr'><strong>τῶν</strong></span> <span class='ocrx_word' id='word_1_22' title='bbox 531 924 650 994; x_wconf 76' lang='grc' dir='ltr'>ἀθλητῶν</span> <span class='ocrx_word' id='word_1_23' title='bbox 665 927 864 1006; x_wconf 75' lang='grc' dir='ltr'>ἐπιγράμματα.</span> 
     </span>
     <span class='ocr_line' id='line_1_5' title="bbox 467 1055 733 1122; baseline 0.023 -21"><span class='ocrx_word' id='word_1_24' title='bbox 467 1056 521 1102; x_wconf 77' lang='lat' dir='ltr'><strong>ses.</strong></span> <span class='ocrx_word' id='word_1_25' title='bbox 543 1056 582 1110; x_wconf 85' lang='grc' dir='ltr'>ι;ι;</span> <span class='ocrx_word' id='word_1_26' title='bbox 595 1055 733 1122; x_wconf 69' lang='grc' dir='ltr'>πορφύρων.</span> 
     </span>
     <span class='ocr_line' id='line_1_6' title="bbox 213 1170 895 1262; baseline 0.007 -28"><span class='ocrx_word' id='word_1_27' title='bbox 213 1170 360 1254; x_wconf 66' lang='grc' dir='ltr'>Πσρμίριον</span> <span class='ocrx_word' id='word_1_28' title='bbox 375 1173 533 1255; x_wconf 84' lang='grc' dir='ltr'>Κάλχαντος</span> <span class='ocrx_word' id='word_1_29' title='bbox 545 1175 623 1245; x_wconf 78' lang='grc' dir='ltr'>Ἄναξ</span> <span class='ocrx_word' id='word_1_30' title='bbox 637 1176 682 1236; x_wconf 79' lang='grc' dir='ltr'><strong>καὶ</strong></span> <span class='ocrx_word' id='word_1_31' title='bbox 697 1180 779 1256; x_wconf 82' lang='grc' dir='ltr'>δῆμος</span> <span class='ocrx_word' id='word_1_32' title='bbox 792 1180 895 1262; x_wconf 77' lang='grc' dir='ltr'>ἐγείρει,</span> 
     </span>
    </p>
   </div>
   <div class='ocr_carea' id='block_1_5' title="bbox 213 1262 972 1697">
    <p class='ocr_par' dir='ltr' id='par_1_5' title="bbox 254 1262 857 1349">
     <span class='ocr_line' id='line_1_7' title="bbox 254 1262 857 1349; baseline 0.022 -32"><span class='ocrx_word' id='word_1_33' title='bbox 254 1262 360 1327; x_wconf 88' lang='grc' dir='ltr'>πολλοῖς</span> <span class='ocrx_word' id='word_1_34' title='bbox 372 1264 527 1340; x_wconf 83' lang='grc' dir='ltr'>εθκαμάτοις</span> <span class='ocrx_word' id='word_1_35' title='bbox 543 1268 694 1347; x_wconf 89' lang='grc' dir='ltr'>βριθόμενον</span> <span class='ocrx_word' id='word_1_36' title='bbox 707 1271 857 1349; x_wconf 78' lang='grc' dir='ltr'>στεφάνοις,</span> 
     </span>
    </p>

    <p class='ocr_par' dir='ltr' id='par_1_6' title="bbox 214 1350 879 1522">
     <span class='ocr_line' id='line_1_8' title="bbox 214 1350 879 1439; baseline 0.017 -32"><span class='ocrx_word' id='word_1_37' title='bbox 214 1356 281 1407; x_wconf 76' lang='grc' dir='ltr'>πᾶσι</span> <span class='ocrx_word' id='word_1_38' title='bbox 298 1353 355 1426; x_wconf 88' lang='grc' dir='ltr'>μεθ’</span> <span class='ocrx_word' id='word_1_39' title='bbox 368 1350 496 1430; x_wconf 77' lang='grc' dir='ltr'>ἡνιόχοισι</span> <span class='ocrx_word' id='word_1_40' title='bbox 511 1355 653 1427; x_wconf 77' lang='grc' dir='ltr'>νεώτατον,</span> <span class='ocrx_word' id='word_1_41' title='bbox 669 1357 745 1415; x_wconf 77' lang='grc' dir='ltr'>ὅσσον</span> <span class='ocrx_word' id='word_1_42' title='bbox 759 1358 879 1439; x_wconf 89' lang='grc' dir='ltr'>άριστον,</span> 
     </span>
     <span class='ocr_line' id='line_1_9' title="bbox 254 1437 797 1522; baseline 0.017 -29"><span class='ocrx_word' id='word_1_43' title='bbox 254 1437 323 1495; x_wconf 80' lang='grc' dir='ltr'>ἀλλὰ</span> <span class='ocrx_word' id='word_1_44' title='bbox 337 1437 412 1498; x_wconf 87' lang='grc' dir='ltr'>τόσον</span> <span class='ocrx_word' id='word_1_45' title='bbox 426 1440 499 1514; x_wconf 80' lang='grc' dir='ltr'>νίκης</span> <span class='ocrx_word' id='word_1_46' title='bbox 510 1442 604 1522; x_wconf 80' lang='grc' dir='ltr'>κάρτος</span> <span class='ocrx_word' id='word_1_47' title='bbox 616 1443 797 1521; x_wconf 78' lang='grc' dir='ltr'>ἐνεγκάμενον.</span> 
     </span>
    </p>

    <p class='ocr_par' dir='ltr' id='par_1_7' title="bbox 213 1524 972 1697">
     <span class='ocr_line' id='line_1_10' title="bbox 213 1524 972 1616; baseline 0.011 -29"><span class='ocrx_word' id='word_1_48' title='bbox 213 1524 334 1605; x_wconf 70' lang='lat' dir='ltr'><strong>&#39;Euporie</strong></span> <span class='ocrx_word' id='word_1_49' title='bbox 349 1528 402 1604; x_wconf 79' lang='grc' dir='ltr'>μὴν</span> <span class='ocrx_word' id='word_1_50' title='bbox 416 1531 520 1612; x_wconf 84' lang='grc' dir='ltr'>χρυσέῳ</span> <span class='ocrx_word' id='word_1_51' title='bbox 533 1533 559 1588; x_wconf 82' lang='grc' dir='ltr'>έν</span> <span class='ocrx_word' id='word_1_52' title='bbox 572 1531 726 1610; x_wconf 79' lang='grc' dir='ltr'>ἀγάλματι,</span> <span class='ocrx_word' id='word_1_53' title='bbox 743 1536 780 1610; x_wconf 81' lang='grc' dir='ltr'><strong>μὴ</strong></span> <span class='ocrx_word' id='word_1_54' title='bbox 792 1537 816 1592; x_wconf 84' lang='grc' dir='ltr'><strong>δ’</strong></span> <span class='ocrx_word' id='word_1_55' title='bbox 830 1538 866 1596; x_wconf 74' lang='grc' dir='ltr'>ἐνί</span> <span class='ocrx_word' id='word_1_56' title='bbox 877 1538 972 1616; x_wconf 81' lang='grc' dir='ltr'>χαλκῷ</span> 
     </span>
     <span class='ocr_line' id='line_1_11' title="bbox 253 1617 792 1697; baseline 0.015 -25"><span class='ocrx_word' id='word_1_57' title='bbox 253 1621 342 1674; x_wconf 79' lang='grc' dir='ltr'>τοῦτον</span> <span class='ocrx_word' id='word_1_58' title='bbox 356 1624 409 1683; x_wconf 87' lang='grc' dir='ltr'>τοῖς</span> <span class='ocrx_word' id='word_1_59' title='bbox 422 1617 508 1687; x_wconf 78' lang='grc' dir='ltr'>ἄλλοις</span> <span class='ocrx_word' id='word_1_60' title='bbox 523 1619 623 1678; x_wconf 81' lang='grc' dir='ltr'>εἴκελον</span> <span class='ocrx_word' id='word_1_61' title='bbox 640 1621 792 1697; x_wconf 78' lang='grc' dir='ltr'>ἑστάμεναι.</span> 
     </span>
    </p>
   </div>
   <div class='ocr_carea' id='block_1_6' title="bbox 509 1756 684 1808">
    <p class='ocr_par' dir='ltr' id='par_1_8' title="bbox 509 1756 684 1808">
     <span class='ocr_line' id='line_1_12' title="bbox 509 1756 684 1808; baseline -0.011 -2"><span class='ocrx_word' id='word_1_62' title='bbox 509 1756 570 1808; x_wconf 81' lang='grc'><strong>336.</strong></span> <span class='ocrx_word' id='word_1_63' title='bbox 590 1760 684 1806; x_wconf 73' lang='lat' dir='ltr'><strong>atho.</strong></span> 
     </span>
    </p>
   </div>
   <div class='ocr_carea' id='block_1_7' title="bbox 132 1869 934 2571">
    <p class='ocr_par' dir='ltr' id='par_1_9' title="bbox 214 1869 902 2044">
     <span class='ocr_line' id='line_1_13' title="bbox 214 1869 902 1955; baseline 0.006 -26"><span class='ocrx_word' id='word_1_64' title='bbox 214 1869 339 1949; x_wconf 85' lang='grc' dir='ltr'>Τέτραχα</span> <span class='ocrx_word' id='word_1_65' title='bbox 354 1869 401 1946; x_wconf 80' lang='grc' dir='ltr'>μέν</span> <span class='ocrx_word' id='word_1_66' title='bbox 416 1872 446 1929; x_wconf 83' lang='grc' dir='ltr'><strong>τὸ</strong></span> <span class='ocrx_word' id='word_1_67' title='bbox 460 1872 568 1951; x_wconf 88' lang='grc' dir='ltr'>πάροιθε</span> <span class='ocrx_word' id='word_1_68' title='bbox 583 1873 714 1951; x_wconf 82' lang='grc' dir='ltr'>διακριδὸν</span> <span class='ocrx_word' id='word_1_69' title='bbox 729 1871 789 1954; x_wconf 82' lang='grc' dir='ltr'>ίαχε</span> <span class='ocrx_word' id='word_1_70' title='bbox 803 1876 902 1955; x_wconf 76' lang='grc' dir='ltr'>δῆμος,</span> 
     </span>
     <span class='ocr_line' id='line_1_14' title="bbox 254 1955 901 2044; baseline 0.011 -29"><span class='ocrx_word' id='word_1_71' title='bbox 254 1959 297 2016; x_wconf 81' lang='grc' dir='ltr'><strong>τὸν</strong></span> <span class='ocrx_word' id='word_1_72' title='bbox 313 1961 519 2040; x_wconf 77' lang='grc' dir='ltr'>Καλχαντιάδην</span> <span class='ocrx_word' id='word_1_73' title='bbox 536 1964 683 2044; x_wconf 81' lang='grc' dir='ltr'>Ποριρόριον</span> <span class='ocrx_word' id='word_1_74' title='bbox 696 1962 807 2021; x_wconf 79' lang='grc' dir='ltr'>ποθέων·</span> <span class='ocrx_word' id='word_1_75' title='bbox 898 1955 901 1960; x_wconf 40' lang='grc'><strong>’</strong></span> 
     </span>
    </p>

    <p class='ocr_par' dir='ltr' id='par_1_10' title="bbox 213 2046 802 2212">
     <span class='ocr_line' id='line_1_15' title="bbox 213 2046 802 2129; baseline 0.003 -22"><span class='ocrx_word' id='word_1_76' title='bbox 213 2046 298 2126; x_wconf 68' lang='grc' dir='ltr'>αὐτὰρ</span> <span class='ocrx_word' id='word_1_77' title='bbox 315 2047 506 2128; x_wconf 79' lang='grc' dir='ltr'>θδεξιτεροῖσιν</span> <span class='ocrx_word' id='word_1_78' title='bbox 522 2047 690 2129; x_wconf 83' lang='grc' dir='ltr'>άνακτορέοιο</span> <span class='ocrx_word' id='word_1_79' title='bbox 704 2049 802 2111; x_wconf 86' lang='grc' dir='ltr'>θοώκου</span> 
     </span>
     <span class='ocr_line' id='line_1_16' title="bbox 252 2132 750 2212; baseline 0.014 -24"><span class='ocrx_word' id='word_1_80' title='bbox 252 2132 314 2204; x_wconf 76' lang='grc' dir='ltr'>ἡνία</span> <span class='ocrx_word' id='word_1_81' title='bbox 325 2134 370 2192; x_wconf 80' lang='grc' dir='ltr'><strong>καί</strong></span> <span class='ocrx_word' id='word_1_82' title='bbox 385 2137 469 2208; x_wconf 81' lang='grc' dir='ltr'>ζώνην</span> <span class='ocrx_word' id='word_1_83' title='bbox 482 2137 588 2196; x_wconf 84' lang='grc' dir='ltr'>ἱππότιν</span> <span class='ocrx_word' id='word_1_84' title='bbox 601 2136 750 2212; x_wconf 77' lang='grc' dir='ltr'>ἀνθέμενος,</span> 
     </span>
    </p>

    <p class='ocr_par' dir='ltr' id='par_1_11' title="bbox 132 2223 853 2394">
     <span class='ocr_line' id='line_1_17' title="bbox 132 2223 853 2304; baseline 0.012 -27"><span class='ocrx_word' id='word_1_85' title='bbox 132 2252 140 2261; x_wconf 78' lang='lat'>=</span> <span class='ocrx_word' id='word_1_86' title='bbox 218 2225 297 2280; x_wconf 86' lang='grc' dir='ltr'>ιεῐθεν</span> <span class='ocrx_word' id='word_1_87' title='bbox 311 2223 479 2304; x_wconf 75' lang='grc' dir='ltr'>ἐπισπέρχων</span> <span class='ocrx_word' id='word_1_88' title='bbox 495 2224 570 2304; x_wconf 74' lang='grc' dir='ltr'>ἐλάα·</span> <span class='ocrx_word' id='word_1_89' title='bbox 587 2223 706 2303; x_wconf 77' lang='grc' dir='ltr'>μεσσηγὺ</span> <span class='ocrx_word' id='word_1_90' title='bbox 718 2227 741 2283; x_wconf 86' lang='grc' dir='ltr'><strong>δ’</strong></span> <span class='ocrx_word' id='word_1_91' title='bbox 755 2226 853 2286; x_wconf 60' lang='lat' dir='ltr'><strong>teoto»</strong></span> 
     </span>
     <span class='ocr_line' id='line_1_18' title="bbox 252 2310 812 2394; baseline 0.007 -26"><span class='ocrx_word' id='word_1_92' title='bbox 252 2310 364 2390; x_wconf 86' lang='grc' dir='ltr'>χάλκεος</span> <span class='ocrx_word' id='word_1_93' title='bbox 377 2313 500 2392; x_wconf 84' lang='grc' dir='ltr'>ίδρύνθη,</span> <span class='ocrx_word' id='word_1_94' title='bbox 515 2317 619 2392; x_wconf 78' lang='grc' dir='ltr'>πρῶτον</span> <span class='ocrx_word' id='word_1_95' title='bbox 633 2311 720 2373; x_wconf 82' lang='grc' dir='ltr'>ἴουλον</span> <span class='ocrx_word' id='word_1_96' title='bbox 732 2313 812 2394; x_wconf 85' lang='grc' dir='ltr'>έχων.</span> 
     </span>
    </p>

    <p class='ocr_par' dir='ltr' id='par_1_12' title="bbox 216 2394 934 2571">
     <span class='ocr_line' id='line_1_19' title="bbox 216 2394 934 2480; baseline 0.003 -21"><span class='ocrx_word' id='word_1_97' title='bbox 216 2401 249 2459; x_wconf 84' lang='lat' dir='ltr'><strong>Ei</strong></span> <span class='ocrx_word' id='word_1_98' title='bbox 263 2401 284 2458; x_wconf 82' lang='grc' dir='ltr'><strong>δ’</strong></span> <span class='ocrx_word' id='word_1_99' title='bbox 301 2397 379 2457; x_wconf 74' lang='grc' dir='ltr'>ἐτέων</span> <span class='ocrx_word' id='word_1_100' title='bbox 393 2400 471 2480; x_wconf 89' lang='grc' dir='ltr'>γέρας</span> <span class='ocrx_word' id='word_1_101' title='bbox 484 2394 548 2474; x_wconf 70' lang='grc' dir='ltr'>ἦλθε</span> <span class='ocrx_word' id='word_1_102' title='bbox 562 2401 702 2480; x_wconf 80' lang='grc' dir='ltr'>θοώτερον,</span> <span class='ocrx_word' id='word_1_103' title='bbox 718 2404 776 2460; x_wconf 78' lang='grc' dir='ltr'>ἀλλ’</span> <span class='ocrx_word' id='word_1_104' title='bbox 794 2403 837 2462; x_wconf 78' lang='grc' dir='ltr'>ἐπί</span> <span class='ocrx_word' id='word_1_105' title='bbox 851 2403 934 2470; x_wconf 83' lang='grc' dir='ltr'>νίκαις</span> 
     </span>
     <span class='ocr_line' id='line_1_20' title="bbox 255 2487 850 2571; baseline 0.01 -25"><span class='ocrx_word' id='word_1_106' title='bbox 255 2487 358 2569; x_wconf 80' lang='grc' dir='ltr'>ὄψιμον,</span> <span class='ocrx_word' id='word_1_107' title='bbox 376 2489 445 2549; x_wconf 79' lang='grc' dir='ltr'>ἀλλὰ</span> <span class='ocrx_word' id='word_1_108' title='bbox 460 2490 551 2567; x_wconf 85' lang='grc' dir='ltr'>μόλις,</span> <span class='ocrx_word' id='word_1_109' title='bbox 564 2490 649 2549; x_wconf 74' lang='grc' dir='ltr'>πολλὰ</span> <span class='ocrx_word' id='word_1_110' title='bbox 663 2491 729 2563; x_wconf 73' lang='grc' dir='ltr'>μετὰ</span> <span class='ocrx_word' id='word_1_111' title='bbox 742 2490 850 2571; x_wconf 71' lang='lat' dir='ltr'><strong>cripta.</strong></span> 
     </span>
    </p>
   </div>
   <div class='ocr_carea' id='block_1_8' title="bbox 520 2639 698 2690">
    <p class='ocr_par' dir='ltr' id='par_1_13' title="bbox 520 2639 698 2690">
     <span class='ocr_line' id='line_1_21' title="bbox 520 2639 698 2690; baseline -0.006 0"><span class='ocrx_word' id='word_1_112' title='bbox 520 2639 582 2690; x_wconf 78' lang='lat'><strong>³37.</strong></span> <span class='ocrx_word' id='word_1_113' title='bbox 603 2641 698 2689; x_wconf 75' lang='lat' dir='ltr'><strong>aln0.</strong></span> 
     </span>
    </p>
   </div>
   <div class='ocr_carea' id='block_1_9' title="bbox 213 2759 892 3285">
    <p class='ocr_par' dir='ltr' id='par_1_14' title="bbox 215 2759 859 2931">
     <span class='ocr_line' id='line_1_22' title="bbox 215 2759 859 2842; baseline 0.002 -23"><span class='ocrx_word' id='word_1_114' title='bbox 215 2759 340 2841; x_wconf 79' lang='grc' dir='ltr'>Ἀγχίσην</span> <span class='ocrx_word' id='word_1_115' title='bbox 356 2761 498 2842; x_wconf 84' lang='grc' dir='ltr'>Κυθέρεια,</span> <span class='ocrx_word' id='word_1_116' title='bbox 512 2761 558 2821; x_wconf 85' lang='grc' dir='ltr'><strong>καλ</strong></span> <span class='ocrx_word' id='word_1_117' title='bbox 572 2760 739 2839; x_wconf 79' lang='grc' dir='ltr'>Ἐνδυμίωνα</span> <span class='ocrx_word' id='word_1_118' title='bbox 754 2764 859 2836; x_wconf 78' lang='grc' dir='ltr'>Σελήνη</span> 
     </span>
     <span class='ocr_line' id='line_1_23' title="bbox 253 2849 813 2931; baseline 0.004 -25"><span class='ocrx_word' id='word_1_119' title='bbox 253 2849 357 2928; x_wconf 77' lang='grc' dir='ltr'>φίλατο·</span> <span class='ocrx_word' id='word_1_120' title='bbox 370 2849 415 2908; x_wconf 85' lang='grc' dir='ltr'><strong>καί</strong></span> <span class='ocrx_word' id='word_1_121' title='bbox 427 2850 498 2922; x_wconf 85' lang='grc' dir='ltr'>Νίκη</span> <span class='ocrx_word' id='word_1_122' title='bbox 513 2852 558 2908; x_wconf 75' lang='grc' dir='ltr'><strong>νῦν</strong></span> <span class='ocrx_word' id='word_1_123' title='bbox 569 2850 640 2930; x_wconf 87' lang='grc' dir='ltr'>τάχα</span> <span class='ocrx_word' id='word_1_124' title='bbox 655 2850 813 2931; x_wconf 75' lang='grc' dir='ltr'>Πορρῦριον,</span> 
     </span>
    </p>

    <p class='ocr_par' dir='ltr' id='par_1_15' title="bbox 213 2930 838 3106">
     <span class='ocr_line' id='line_1_24' title="bbox 213 2930 838 3020; baseline 0.008 -26"><span class='ocrx_word' id='word_1_125' title='bbox 213 2935 240 3004; x_wconf 82' lang='grc' dir='ltr'>δς</span> <span class='ocrx_word' id='word_1_126' title='bbox 254 2937 298 2995; x_wconf 83' lang='grc' dir='ltr'><strong>καί</strong></span> <span class='ocrx_word' id='word_1_127' title='bbox 311 2937 368 3004; x_wconf 76' lang='grc' dir='ltr'>ἑοὺς</span> <span class='ocrx_word' id='word_1_128' title='bbox 379 2937 475 3004; x_wconf 80' lang='grc' dir='ltr'>ἵππους</span> <span class='ocrx_word' id='word_1_129' title='bbox 490 2939 536 2998; x_wconf 82' lang='grc' dir='ltr'><strong>καί</strong></span> <span class='ocrx_word' id='word_1_130' title='bbox 550 2941 695 3020; x_wconf 76' lang='grc' dir='ltr'>ὁμόρρσνος</span> <span class='ocrx_word' id='word_1_131' title='bbox 712 2930 838 3020; x_wconf 73' lang='grc' dir='ltr'>ἡνιοχῆος</span> 
     </span>
     <span class='ocr_line' id='line_1_25' title="bbox 253 3024 784 3106; baseline 0 -21"><span class='ocrx_word' id='word_1_132' title='bbox 253 3027 279 3095; x_wconf 78' lang='grc' dir='ltr'><strong>ἐξ</strong></span> <span class='ocrx_word' id='word_1_133' title='bbox 295 3027 392 3106; x_wconf 79' lang='grc' dir='ltr'>ἐτέρων</span> <span class='ocrx_word' id='word_1_134' title='bbox 408 3027 510 3106; x_wconf 87' lang='grc' dir='ltr'>έτέρους</span> <span class='ocrx_word' id='word_1_135' title='bbox 525 3024 580 3084; x_wconf 79' lang='grc' dir='ltr'>αἰὲν</span> <span class='ocrx_word' id='word_1_136' title='bbox 594 3024 784 3104; x_wconf 74' lang='grc' dir='ltr'>άμειόόμενος,</span> 
     </span>
    </p>

    <p class='ocr_par' dir='ltr' id='par_1_16' title="bbox 214 3113 892 3285">
     <span class='ocr_line' id='line_1_26' title="bbox 214 3113 892 3193; baseline 0.001 -21"><span class='ocrx_word' id='word_1_137' title='bbox 214 3115 328 3174; x_wconf 87' lang='grc' dir='ltr'>πολλάκι</span> <span class='ocrx_word' id='word_1_138' title='bbox 342 3124 424 3193; x_wconf 81' lang='grc' dir='ltr'>κρᾶτα</span> <span class='ocrx_word' id='word_1_139' title='bbox 436 3116 557 3175; x_wconf 86' lang='grc' dir='ltr'>πύκασσε</span> <span class='ocrx_word' id='word_1_140' title='bbox 570 3113 768 3193; x_wconf 79' lang='grc' dir='ltr'>πανημερίοισιν</span> <span class='ocrx_word' id='word_1_141' title='bbox 783 3116 892 3193; x_wconf 80' lang='grc' dir='ltr'>ἀέθλοις,</span> 
     </span>
     <span class='ocr_line' id='line_1_27' title="bbox 253 3203 831 3285; baseline 0 -21"><span class='ocrx_word' id='word_1_142' title='bbox 253 3207 282 3264; x_wconf 85' lang='grc' dir='ltr'>οὐ</span> <span class='ocrx_word' id='word_1_143' title='bbox 298 3204 409 3283; x_wconf 83' lang='grc' dir='ltr'>μογέων,</span> <span class='ocrx_word' id='word_1_144' title='bbox 427 3203 519 3285; x_wconf 77' lang='grc' dir='ltr'>ἑτάρου</span> <span class='ocrx_word' id='word_1_145' title='bbox 535 3211 627 3279; x_wconf 84' lang='grc' dir='ltr'>μοῦνον</span> <span class='ocrx_word' id='word_1_146' title='bbox 642 3203 831 3284; x_wconf 82' lang='grc' dir='ltr'>ἐρεσπομένου.</span> 
     </span>
    </p>
   </div>
   <div class='ocr_carea' id='block_1_10' title="bbox 515 3342 691 3393">
    <p class='ocr_par' dir='ltr' id='par_1_17' title="bbox 515 3342 691 3393">
     <span class='ocr_line' id='line_1_28' title="bbox 515 3342 691 3393; baseline -0.006 0"><span class='ocrx_word' id='word_1_147' title='bbox 515 3342 575 3393; x_wconf 81' lang='grc'>338.</span> <span class='ocrx_word' id='word_1_148' title='bbox 596 3344 691 3392; x_wconf 75' lang='grc' dir='ltr'><strong>ΔΛΔΟ.</strong></span> 
     </span>
    </p>
   </div>
   <div class='ocr_carea' id='block_1_11' title="bbox 215 3469 882 3818">
    <p class='ocr_par' dir='ltr' id='par_1_18' title="bbox 215 3469 869 3641">
     <span class='ocr_line' id='line_1_29' title="bbox 215 3469 869 3552; baseline -0.002 -21"><span class='ocrx_word' id='word_1_149' title='bbox 215 3469 301 3531; x_wconf 81' lang='grc' dir='ltr'>Τοῦτό</span> <span class='ocrx_word' id='word_1_150' title='bbox 313 3495 353 3531; x_wconf 91' lang='grc' dir='ltr'><strong>σοι</strong></span> <span class='ocrx_word' id='word_1_151' title='bbox 367 3471 443 3552; x_wconf 62' lang='lat' dir='ltr'><strong>libitu</strong></span> <span class='ocrx_word' id='word_1_152' title='bbox 459 3471 529 3542; x_wconf 86' lang='grc' dir='ltr'>Νίκη</span> <span class='ocrx_word' id='word_1_153' title='bbox 542 3470 635 3549; x_wconf 87' lang='grc' dir='ltr'>γέρας,</span> <span class='ocrx_word' id='word_1_154' title='bbox 651 3469 767 3550; x_wconf 86' lang='grc' dir='ltr'>δχρόνος</span> <span class='ocrx_word' id='word_1_155' title='bbox 782 3471 869 3539; x_wconf 74' lang='grc' dir='ltr'>ἄλλοις</span> 
     </span>
     <span class='ocr_line' id='line_1_30' title="bbox 253 3557 778 3641; baseline 0.004 -24"><span class='ocrx_word' id='word_1_156' title='bbox 253 3557 301 3641; x_wconf 77' lang='grc' dir='ltr'><strong>ὀψέ</strong></span> <span class='ocrx_word' id='word_1_157' title='bbox 312 3560 386 3634; x_wconf 86' lang='grc' dir='ltr'>μόλις</span> <span class='ocrx_word' id='word_1_158' title='bbox 398 3563 496 3625; x_wconf 82' lang='grc' dir='ltr'>πολιαῖς</span> <span class='ocrx_word' id='word_1_159' title='bbox 509 3558 617 3630; x_wconf 89' lang='grc' dir='ltr'>ώπασε,</span> <span class='ocrx_word' id='word_1_160' title='bbox 635 3561 778 3638; x_wconf 83' lang='grc' dir='ltr'>Πορρύριε.</span> 
     </span>
    </p>

    <p class='ocr_par' dir='ltr' id='par_1_19' title="bbox 215 3647 882 3818">
     <span class='ocr_line' id='line_1_31' title="bbox 215 3647 882 3730; baseline -0.003 -20"><span class='ocrx_word' id='word_1_161' title='bbox 215 3653 267 3710; x_wconf 83' lang='grc' dir='ltr'><strong>Καὶ</strong></span> <span class='ocrx_word' id='word_1_162' title='bbox 283 3650 333 3730; x_wconf 85' lang='grc' dir='ltr'>γδιρ</span> <span class='ocrx_word' id='word_1_163' title='bbox 347 3650 515 3729; x_wconf 82' lang='grc' dir='ltr'>άριθμήσασα</span> <span class='ocrx_word' id='word_1_164' title='bbox 527 3647 704 3730; x_wconf 74' lang='grc' dir='ltr'>πολυσπερέας</span> <span class='ocrx_word' id='word_1_165' title='bbox 714 3649 757 3707; x_wconf 80' lang='grc' dir='ltr'>σέο</span> <span class='ocrx_word' id='word_1_166' title='bbox 770 3649 882 3729; x_wconf 84' lang='grc' dir='ltr'>μόχθους</span> 
     </span>
     <span class='ocr_line' id='line_1_32' title="bbox 254 3737 789 3818; baseline -0.004 -22"><span class='ocrx_word' id='word_1_167' title='bbox 254 3737 343 3818; x_wconf 74' lang='grc' dir='ltr'>εὕρετο</span> <span class='ocrx_word' id='word_1_168' title='bbox 356 3737 492 3817; x_wconf 85' lang='grc' dir='ltr'>γηραλέων</span> <span class='ocrx_word' id='word_1_169' title='bbox 510 3737 652 3814; x_wconf 81' lang='grc' dir='ltr'>κρέσσονας</span> <span class='ocrx_word' id='word_1_170' title='bbox 666 3739 789 3817; x_wconf 81' lang='grc' dir='ltr'>ἡνιόχων.</span> 
     </span>
    </p>
   </div>
   <div class='ocr_carea' id='block_1_12' title="bbox 347 3902 871 4058">
    <p class='ocr_par' dir='ltr' id='par_1_20' title="bbox 347 3902 871 4058">
     <span class='ocr_line' id='line_1_33' title="bbox 347 3902 871 3972; baseline -0.004 -18"><span class='ocrx_word' id='word_1_171' title='bbox 347 3904 466 3972; x_wconf 75' lang='lat' dir='ltr'><strong>Inscripta</strong></span> <span class='ocrx_word' id='word_1_172' title='bbox 477 3902 591 3954; x_wconf 78' lang='lat' dir='ltr'><strong>columnis</strong></span> <span class='ocrx_word' id='word_1_173' title='bbox 611 3921 704 3963; x_wconf 84' lang='lat' dir='ltr'><strong>eorum,</strong></span> <span class='ocrx_word' id='word_1_174' title='bbox 715 3904 755 3971; x_wconf 81' lang='lat' dir='ltr'><strong>qui</strong></span> <span class='ocrx_word' id='word_1_175' title='bbox 764 3905 788 3953; x_wconf 85' lang='lat' dir='ltr'><strong>in</strong></span> <span class='ocrx_word' id='word_1_176' title='bbox 801 3905 871 3955; x_wconf 78' lang='lat' dir='ltr'><strong>Circo</strong></span> 
     </span>
     <span class='ocr_line' id='line_1_34' title="bbox 397 3987 806 4058; baseline -0.005 -18"><span class='ocrx_word' id='word_1_177' title='bbox 397 3987 634 4058; x_wconf 61' lang='lat' dir='ltr'><strong>&amp;constantinopoleos</strong></span> <span class='ocrx_word' id='word_1_178' title='bbox 649 3999 806 4039; x_wconf 78' lang='lat' dir='ltr'><strong>certauerunt.</strong></span> 
     </span>
    </p>
   </div>
   <div class='ocr_carea' id='block_1_13' title="bbox 471 4104 744 4176">
    <p class='ocr_par' dir='ltr' id='par_1_21' title="bbox 471 4104 744 4176">
     <span class='ocr_line' id='line_1_35' title="bbox 471 4104 744 4176; baseline 0.007 -22"><span class='ocrx_word' id='word_1_179' title='bbox 471 4108 528 4159; x_wconf 86' lang='grc'><strong>335.</strong></span> <span class='ocrx_word' id='word_1_180' title='bbox 549 4111 586 4157; x_wconf 81' lang='lat' dir='ltr'><strong>De</strong></span> <span class='ocrx_word' id='word_1_181' title='bbox 599 4104 744 4176; x_wconf 68' lang='lat' dir='ltr'><strong>Porphyrio.</strong></span> 
     </span>
    </p>
   </div>
   <div class='ocr_carea' id='block_1_14' title="bbox 214 4224 870 4708">
    <p class='ocr_par' dir='ltr' id='par_1_22' title="bbox 214 4224 870 4374">
     <span class='ocr_line' id='line_1_36' title="bbox 214 4224 870 4292; baseline -0.005 -17"><span class='ocrx_word' id='word_1_182' title='bbox 214 4224 374 4292; x_wconf 79' lang='lat' dir='ltr'><strong>Porphyrium</strong></span> <span class='ocrx_word' id='word_1_183' title='bbox 387 4227 518 4276; x_wconf 76' lang='lat' dir='ltr'><strong>calmonte</strong></span> <span class='ocrx_word' id='word_1_184' title='bbox 531 4234 623 4287; x_wconf 87' lang='lat' dir='ltr'><strong>satum,</strong></span> <span class='ocrx_word' id='word_1_185' title='bbox 635 4227 673 4275; x_wconf 87' lang='lat' dir='ltr'><strong>oui</strong></span> <span class='ocrx_word' id='word_1_186' title='bbox 687 4225 763 4274; x_wconf 86' lang='lat' dir='ltr'><strong>multa</strong></span> <span class='ocrx_word' id='word_1_187' title='bbox 773 4241 870 4279; x_wconf 89' lang='lat' dir='ltr'><strong>corona,</strong></span> 
     </span>
     <span class='ocr_line' id='line_1_37' title="bbox 246 4305 811 4374; baseline 0 -17"><span class='ocrx_word' id='word_1_188' title='bbox 246 4311 305 4358; x_wconf 86' lang='lat' dir='ltr'><strong>Tam</strong></span> <span class='ocrx_word' id='word_1_189' title='bbox 317 4307 419 4373; x_wconf 83' lang='lat' dir='ltr'><strong>populus</strong></span> <span class='ocrx_word' id='word_1_190' title='bbox 429 4322 500 4370; x_wconf 86' lang='lat' dir='ltr'><strong>quam</strong></span> <span class='ocrx_word' id='word_1_191' title='bbox 508 4309 562 4357; x_wconf 77' lang='lat' dir='ltr'><strong>lien</strong></span> <span class='ocrx_word' id='word_1_192' title='bbox 575 4305 622 4357; x_wconf 89' lang='lat' dir='ltr'><strong>boo</strong></span> <span class='ocrx_word' id='word_1_193' title='bbox 634 4323 734 4374; x_wconf 76' lang='lat' dir='ltr'><strong>posuere</strong></span> <span class='ocrx_word' id='word_1_194' title='bbox 748 4307 811 4358; x_wconf 92' lang='lat' dir='ltr'><strong>loco.</strong></span> 
     </span>
    </p>

    <p class='ocr_par' dir='ltr' id='par_1_23' title="bbox 214 4390 861 4542">
     <span class='ocr_line' id='line_1_38' title="bbox 214 4390 861 4455; baseline -0.006 -11"><span class='ocrx_word' id='word_1_195' title='bbox 214 4391 333 4444; x_wconf 85' lang='lat' dir='ltr'><strong>Omnibus</strong></span> <span class='ocrx_word' id='word_1_196' title='bbox 346 4390 386 4439; x_wconf 91' lang='lat' dir='ltr'><strong>hic</strong></span> <span class='ocrx_word' id='word_1_197' title='bbox 397 4406 483 4440; x_wconf 86' lang='lat' dir='ltr'><strong>currus</strong></span> <span class='ocrx_word' id='word_1_198' title='bbox 494 4390 640 4455; x_wconf 74' lang='lat' dir='ltr'><strong>agitantibus</strong></span> <span class='ocrx_word' id='word_1_199' title='bbox 652 4400 678 4440; x_wconf 90' lang='lat' dir='ltr'><strong>ut</strong></span> <span class='ocrx_word' id='word_1_200' title='bbox 688 4391 768 4440; x_wconf 84' lang='lat' dir='ltr'><strong>minor</strong></span> <span class='ocrx_word' id='word_1_201' title='bbox 779 4391 861 4454; x_wconf 86' lang='lat' dir='ltr'><strong>annis,</strong></span> 
     </span>
     <span class='ocr_line' id='line_1_39' title="bbox 247 4475 739 4542; baseline -0.002 -17"><span class='ocrx_word' id='word_1_202' title='bbox 247 4478 286 4526; x_wconf 86' lang='lat' dir='ltr'><strong>Sic</strong></span> <span class='ocrx_word' id='word_1_203' title='bbox 296 4476 373 4542; x_wconf 87' lang='lat' dir='ltr'><strong>palma</strong></span> <span class='ocrx_word' id='word_1_204' title='bbox 383 4490 477 4541; x_wconf 83' lang='lat' dir='ltr'><strong>semper</strong></span> <span class='ocrx_word' id='word_1_205' title='bbox 487 4475 565 4541; x_wconf 88' lang='lat' dir='ltr'><strong>major</strong></span> <span class='ocrx_word' id='word_1_206' title='bbox 580 4485 605 4524; x_wconf 89' lang='lat' dir='ltr'><strong>et</strong></span> <span class='ocrx_word' id='word_1_207' title='bbox 618 4485 671 4525; x_wconf 87' lang='lat' dir='ltr'><strong>arte</strong></span> <span class='ocrx_word' id='word_1_208' title='bbox 684 4475 739 4525; x_wconf 85' lang='lat' dir='ltr'><strong>luit.</strong></span> 
     </span>
    </p>

    <p class='ocr_par' dir='ltr' id='par_1_24' title="bbox 214 4558 828 4708">
     <span class='ocr_line' id='line_1_40' title="bbox 214 4558 800 4624; baseline -0.003 -14"><span class='ocrx_word' id='word_1_209' title='bbox 214 4559 305 4611; x_wconf 82' lang='lat' dir='ltr'><strong>Debuit</strong></span> <span class='ocrx_word' id='word_1_210' title='bbox 320 4558 409 4608; x_wconf 85' lang='lat' dir='ltr'><strong>idcirco</strong></span> <span class='ocrx_word' id='word_1_211' title='bbox 422 4574 470 4607; x_wconf 93' lang='lat' dir='ltr'><strong>non</strong></span> <span class='ocrx_word' id='word_1_212' title='bbox 485 4569 548 4608; x_wconf 82' lang='lat' dir='ltr'><strong>stare</strong></span> <span class='ocrx_word' id='word_1_213' title='bbox 559 4575 588 4609; x_wconf 81' lang='lat' dir='ltr'><strong>ox</strong></span> <span class='ocrx_word' id='word_1_214' title='bbox 600 4575 647 4608; x_wconf 78' lang='lat' dir='ltr'><strong>aere</strong></span> <span class='ocrx_word' id='word_1_215' title='bbox 656 4597 663 4620; x_wconf 93' lang='lat'><strong>,</strong></span> <span class='ocrx_word' id='word_1_216' title='bbox 673 4560 715 4608; x_wconf 81' lang='lat' dir='ltr'><strong>sed</strong></span> <span class='ocrx_word' id='word_1_217' title='bbox 726 4576 800 4624; x_wconf 88' lang='lat' dir='ltr'><strong>auro,</strong></span> 
     </span>
     <span class='ocr_line' id='line_1_41' title="bbox 246 4637 828 4708; baseline 0 -18"><span class='ocrx_word' id='word_1_218' title='bbox 246 4640 296 4707; x_wconf 87' lang='lat' dir='ltr'><strong>Qui</strong></span> <span class='ocrx_word' id='word_1_219' title='bbox 307 4639 372 4689; x_wconf 81' lang='lat' dir='ltr'><strong>ridet</strong></span> <span class='ocrx_word' id='word_1_220' title='bbox 385 4637 466 4700; x_wconf 84' lang='lat' dir='ltr'><strong>huuc,</strong></span> <span class='ocrx_word' id='word_1_221' title='bbox 482 4640 536 4690; x_wconf 89' lang='lat' dir='ltr'><strong>aliis</strong></span> <span class='ocrx_word' id='word_1_222' title='bbox 549 4657 580 4690; x_wconf 87' lang='lat' dir='ltr'><strong>ne</strong></span> <span class='ocrx_word' id='word_1_223' title='bbox 593 4649 660 4708; x_wconf 86' lang='lat' dir='ltr'><strong>putet</strong></span> <span class='ocrx_word' id='word_1_224' title='bbox 674 4658 724 4690; x_wconf 85' lang='lat' dir='ltr'><strong>esse</strong></span> <span class='ocrx_word' id='word_1_225' title='bbox 737 4658 828 4707; x_wconf 85' lang='lat' dir='ltr'><strong>parem.</strong></span> 
     </span>
    </p>
   </div>
   <div class='ocr_carea' id='block_1_15' title="bbox 490 4756 709 4809">
    <p class='ocr_par' dir='ltr' id='par_1_25' title="bbox 490 4756 709 4809">
     <span class='ocr_line' id='line_1_42' title="bbox 490 4756 709 4809; baseline 0.018 -4"><span class='ocrx_word' id='word_1_226' title='bbox 490 4759 548 4807; x_wconf 80' lang='lat'><strong>336.</strong></span> <span class='ocrx_word' id='word_1_227' title='bbox 568 4761 604 4807; x_wconf 85' lang='lat' dir='ltr'><strong>De</strong></span> <span class='ocrx_word' id='word_1_228' title='bbox 618 4756 709 4809; x_wconf 77' lang='lat' dir='ltr'><strong>eodem.</strong></span> 
     </span>
    </p>
   </div>
   <div class='ocr_carea' id='block_1_16' title="bbox 215 4872 835 5110">
    <p class='ocr_par' dir='ltr' id='par_1_26' title="bbox 215 4872 835 5110">
     <span class='ocr_line' id='line_1_43' title="bbox 215 4872 775 4940; baseline -0.004 -14"><span class='ocrx_word' id='word_1_229' title='bbox 215 4875 318 4926; x_wconf 72' lang='lat' dir='ltr'><strong>Auditus</strong></span> <span class='ocrx_word' id='word_1_230' title='bbox 329 4873 432 4940; x_wconf 86' lang='lat' dir='ltr'><strong>populus</strong></span> <span class='ocrx_word' id='word_1_231' title='bbox 444 4872 522 4923; x_wconf 85' lang='lat' dir='ltr'><strong>iuerat</strong></span> <span class='ocrx_word' id='word_1_232' title='bbox 535 4873 565 4922; x_wconf 89' lang='lat' dir='ltr'><strong>de</strong></span> <span class='ocrx_word' id='word_1_233' title='bbox 577 4882 645 4940; x_wconf 88' lang='lat' dir='ltr'><strong>parte</strong></span> <span class='ocrx_word' id='word_1_234' title='bbox 657 4883 775 4939; x_wconf 88' lang='lat' dir='ltr'><strong>quaterna</strong></span> 
     </span>
     <span class='ocr_line' id='line_1_44' title="bbox 250 4957 775 5025; baseline -0.004 -16"><span class='ocrx_word' id='word_1_235' title='bbox 250 4957 388 5011; x_wconf 82' lang='lat' dir='ltr'><strong>Calchantis</strong></span> <span class='ocrx_word' id='word_1_236' title='bbox 397 4968 480 5007; x_wconf 86' lang='lat' dir='ltr'><strong>natum</strong></span> <span class='ocrx_word' id='word_1_237' title='bbox 494 4957 775 5025; x_wconf 79' lang='lat' dir='ltr'><strong>poscerePorpbyrium.</strong></span> 
     </span>
     <span class='ocr_line' id='line_1_45' title="bbox 215 5043 835 5110; baseline -0.003 -14"><span class='ocrx_word' id='word_1_238' title='bbox 215 5049 259 5097; x_wconf 90' lang='lat' dir='ltr'><strong>llle</strong></span> <span class='ocrx_word' id='word_1_239' title='bbox 275 5045 316 5094; x_wconf 87' lang='lat' dir='ltr'><strong>ubi</strong></span> <span class='ocrx_word' id='word_1_240' title='bbox 331 5060 386 5094; x_wconf 87' lang='lat' dir='ltr'><strong>oum</strong></span> <span class='ocrx_word' id='word_1_241' title='bbox 400 5044 480 5093; x_wconf 86' lang='lat' dir='ltr'><strong>cinctu</strong></span> <span class='ocrx_word' id='word_1_242' title='bbox 493 5051 583 5092; x_wconf 85' lang='lat' dir='ltr'><strong>teretes</strong></span> <span class='ocrx_word' id='word_1_243' title='bbox 594 5044 717 5110; x_wconf 80' lang='lat' dir='ltr'><strong>suspendit</strong></span> <span class='ocrx_word' id='word_1_244' title='bbox 728 5043 835 5094; x_wconf 85' lang='lat' dir='ltr'><strong>habehat</strong></span> 
     </span>
    </p>
   </div>
   <div class='ocr_carea' id='block_1_17' title="bbox 215 5127 857 5274">
    <p class='ocr_par' dir='ltr' id='par_1_27' title="bbox 215 5127 857 5274">
     <span class='ocr_line' id='line_1_46' title="bbox 245 5127 629 5193; baseline -0.008 -13"><span class='ocrx_word' id='word_1_245' title='bbox 245 5131 342 5193; x_wconf 78' lang='lat' dir='ltr'><strong>Regalis</strong></span> <span class='ocrx_word' id='word_1_246' title='bbox 353 5129 405 5178; x_wconf 88' lang='lat' dir='ltr'><strong>solii</strong></span> <span class='ocrx_word' id='word_1_247' title='bbox 417 5127 555 5178; x_wconf 82' lang='lat' dir='ltr'><strong>dexteriore</strong></span> <span class='ocrx_word' id='word_1_248' title='bbox 566 5129 629 5187; x_wconf 86' lang='lat' dir='ltr'><strong>loco,</strong></span> 
     </span>
     <span class='ocr_line' id='line_1_47' title="bbox 215 5207 857 5274; baseline -0.005 -15"><span class='ocrx_word' id='word_1_249' title='bbox 215 5210 273 5259; x_wconf 89' lang='lat' dir='ltr'><strong>lude</strong></span> <span class='ocrx_word' id='word_1_250' title='bbox 284 5209 382 5274; x_wconf 78' lang='lat' dir='ltr'><strong>agitarit</strong></span> <span class='ocrx_word' id='word_1_251' title='bbox 397 5223 471 5272; x_wconf 85' lang='lat' dir='ltr'><strong>equos</strong></span> <span class='ocrx_word' id='word_1_252' title='bbox 482 5223 489 5260; x_wconf 71' lang='grc' dir='ltr'>ι</span> <span class='ocrx_word' id='word_1_253' title='bbox 500 5217 525 5258; x_wconf 84' lang='lat' dir='ltr'><strong>et</strong></span> <span class='ocrx_word' id='word_1_254' title='bbox 537 5223 601 5258; x_wconf 88' lang='lat' dir='ltr'><strong>nuno</strong></span> <span class='ocrx_word' id='word_1_255' title='bbox 615 5217 662 5258; x_wconf 82' lang='lat' dir='ltr'><strong>stat</strong></span> <span class='ocrx_word' id='word_1_256' title='bbox 676 5207 799 5270; x_wconf 83' lang='lat' dir='ltr'><strong>aheneus,</strong></span> <span class='ocrx_word' id='word_1_257' title='bbox 811 5207 857 5257; x_wconf 83' lang='lat' dir='ltr'><strong>eui</strong></span> 
     </span>
    </p>
   </div>
   <div class='ocr_carea' id='block_1_18' title="bbox 1287 924 1574 1123">
    <p class='ocr_par' dir='ltr' id='par_1_28' title="bbox 1287 924 1574 1123">
     <span class='ocr_line' id='line_1_48' title="bbox 1287 924 1574 991; baseline -0.007 -15"><span class='ocrx_word' id='word_1_258' title='bbox 1287 926 1381 991; x_wconf 80' lang='lat' dir='ltr'><strong>positas</strong></span> <span class='ocrx_word' id='word_1_259' title='bbox 1393 924 1574 990; x_wconf 83' lang='lat' dir='ltr'><strong>epigrammata.</strong></span> 
     </span>
     <span class='ocr_line' id='line_1_49' title="bbox 1288 1064 1562 1123; baseline -0.004 -13"><span class='ocrx_word' id='word_1_260' title='bbox 1288 1069 1339 1110; x_wconf 73' lang='lat'><strong>³5⁵.</strong></span> <span class='ocrx_word' id='word_1_261' title='bbox 1355 1066 1384 1110; x_wconf 93' lang='lat' dir='ltr'><strong>ln</strong></span> <span class='ocrx_word' id='word_1_262' title='bbox 1397 1064 1562 1123; x_wconf 79' lang='lat' dir='ltr'><strong>Porphyrium.</strong></span> 
     </span>
    </p>
   </div>
   <div class='ocr_carea' id='block_1_19' title="bbox 1039 1183 1827 1696">
    <p class='ocr_par' dir='ltr' id='par_1_29' title="bbox 1040 1183 1827 1336">
     <span class='ocr_line' id='line_1_50' title="bbox 1040 1183 1827 1254; baseline -0.003 -14"><span class='ocrx_word' id='word_1_263' title='bbox 1040 1187 1202 1254; x_wconf 84' lang='lat' dir='ltr'><strong>Porphyrium</strong></span> <span class='ocrx_word' id='word_1_264' title='bbox 1217 1183 1451 1253; x_wconf 72' lang='lat' dir='ltr'><strong>Calchantisfiltum</strong></span> <span class='ocrx_word' id='word_1_265' title='bbox 1468 1187 1584 1252; x_wconf 82' lang='lat' dir='ltr'><strong>Princeps</strong></span> <span class='ocrx_word' id='word_1_266' title='bbox 1595 1192 1620 1239; x_wconf 83' lang='lat' dir='ltr'><strong>ct</strong></span> <span class='ocrx_word' id='word_1_267' title='bbox 1628 1189 1735 1253; x_wconf 87' lang='lat' dir='ltr'><strong>populus</strong></span> <span class='ocrx_word' id='word_1_268' title='bbox 1742 1188 1827 1252; x_wconf 78' lang='lat' dir='ltr'><strong>erigit,</strong></span> 
     </span>
     <span class='ocr_line' id='line_1_51' title="bbox 1069 1277 1626 1336; baseline -0.007 -7"><span class='ocrx_word' id='word_1_269' title='bbox 1069 1279 1154 1329; x_wconf 87' lang='lat' dir='ltr'><strong>multis</strong></span> <span class='ocrx_word' id='word_1_270' title='bbox 1167 1278 1373 1329; x_wconf 63' lang='lat' dir='ltr'><strong>eniochi-laboro</strong></span> <span class='ocrx_word' id='word_1_271' title='bbox 1386 1279 1503 1327; x_wconf 84' lang='lat' dir='ltr'><strong>onustum</strong></span> <span class='ocrx_word' id='word_1_272' title='bbox 1514 1277 1626 1336; x_wconf 82' lang='lat' dir='ltr'><strong>coronis,</strong></span> 
     </span>
    </p>

    <p class='ocr_par' dir='ltr' id='par_1_30' title="bbox 1040 1360 1793 1516">
     <span class='ocr_line' id='line_1_52' title="bbox 1040 1360 1793 1431; baseline -0.007 -13"><span class='ocrx_word' id='word_1_273' title='bbox 1040 1371 1142 1419; x_wconf 89' lang='lat' dir='ltr'><strong>cunctos</strong></span> <span class='ocrx_word' id='word_1_274' title='bbox 1150 1360 1320 1431; x_wconf 83' lang='lat' dir='ltr'><strong>interaurigas</strong></span> <span class='ocrx_word' id='word_1_275' title='bbox 1332 1365 1545 1426; x_wconf 87' lang='lat' dir='ltr'><strong>natu-minimum,</strong></span> <span class='ocrx_word' id='word_1_276' title='bbox 1559 1364 1793 1428; x_wconf 87' lang='lat' dir='ltr'><strong>quantooptimum,</strong></span> 
     </span>
     <span class='ocr_line' id='line_1_53' title="bbox 1069 1452 1637 1516; baseline -0.007 -8"><span class='ocrx_word' id='word_1_277' title='bbox 1069 1456 1114 1508; x_wconf 80' lang='lat' dir='ltr'><strong>sed</strong></span> <span class='ocrx_word' id='word_1_278' title='bbox 1127 1459 1223 1507; x_wconf 77' lang='lat' dir='ltr'><strong>mutum</strong></span> <span class='ocrx_word' id='word_1_279' title='bbox 1233 1454 1342 1505; x_wconf 70' lang='lat' dir='ltr'><strong>victorico</strong></span> <span class='ocrx_word' id='word_1_280' title='bbox 1357 1453 1432 1504; x_wconf 90' lang='lat' dir='ltr'><strong>robur</strong></span> <span class='ocrx_word' id='word_1_281' title='bbox 1443 1452 1637 1516; x_wconf 80' lang='lat' dir='ltr'><strong>qui-reportarit.</strong></span> 
     </span>
    </p>

    <p class='ocr_par' dir='ltr' id='par_1_31' title="bbox 1039 1540 1698 1696">
     <span class='ocr_line' id='line_1_54' title="bbox 1039 1540 1698 1608; baseline -0.009 -12"><span class='ocrx_word' id='word_1_282' title='bbox 1039 1545 1148 1597; x_wconf 84' lang='lat' dir='ltr'><strong>Docebat</strong></span> <span class='ocrx_word' id='word_1_283' title='bbox 1161 1544 1261 1608; x_wconf 88' lang='lat' dir='ltr'><strong>quidem</strong></span> <span class='ocrx_word' id='word_1_284' title='bbox 1271 1557 1347 1594; x_wconf 86' lang='lat' dir='ltr'><strong>aurea</strong></span> <span class='ocrx_word' id='word_1_285' title='bbox 1358 1543 1384 1592; x_wconf 91' lang='lat' dir='ltr'><strong>in</strong></span> <span class='ocrx_word' id='word_1_286' title='bbox 1394 1545 1483 1602; x_wconf 82' lang='lat' dir='ltr'><strong>statua,</strong></span> <span class='ocrx_word' id='word_1_287' title='bbox 1497 1541 1541 1591; x_wconf 81' lang='lat' dir='ltr'><strong>aed</strong></span> <span class='ocrx_word' id='word_1_288' title='bbox 1550 1554 1598 1590; x_wconf 92' lang='lat' dir='ltr'><strong>non</strong></span> <span class='ocrx_word' id='word_1_289' title='bbox 1613 1540 1638 1590; x_wconf 91' lang='lat' dir='ltr'><strong>in</strong></span> <span class='ocrx_word' id='word_1_290' title='bbox 1649 1554 1698 1591; x_wconf 78' lang='lat' dir='ltr'><strong>aere</strong></span> 
     </span>
     <span class='ocr_line' id='line_1_55' title="bbox 1069 1631 1533 1696; baseline -0.015 -10"><span class='ocrx_word' id='word_1_291' title='bbox 1069 1635 1145 1695; x_wconf 90' lang='lat' dir='ltr'><strong>hunc,</strong></span> <span class='ocrx_word' id='word_1_292' title='bbox 1161 1637 1199 1684; x_wconf 84' lang='lat' dir='ltr'><strong>tto</strong></span> <span class='ocrx_word' id='word_1_293' title='bbox 1213 1634 1302 1684; x_wconf 86' lang='lat' dir='ltr'><strong>ceteris</strong></span> <span class='ocrx_word' id='word_1_294' title='bbox 1315 1646 1412 1696; x_wconf 89' lang='lat' dir='ltr'><strong>parem,</strong></span> <span class='ocrx_word' id='word_1_295' title='bbox 1426 1631 1533 1682; x_wconf 86' lang='lat' dir='ltr'><strong>adstare.</strong></span> 
     </span>
    </p>
   </div>
   <div class='ocr_carea' id='block_1_20' title="bbox 1338 1769 1524 1817">
    <p class='ocr_par' dir='ltr' id='par_1_32' title="bbox 1338 1769 1524 1817">
     <span class='ocr_line' id='line_1_56' title="bbox 1338 1769 1524 1817; baseline -0.016 0"><span class='ocrx_word' id='word_1_296' title='bbox 1338 1769 1392 1817; x_wconf 70' lang='grc'><strong>336.</strong></span> <span class='ocrx_word' id='word_1_297' title='bbox 1416 1773 1524 1816; x_wconf 78' lang='lat' dir='ltr'><strong>heluo.</strong></span> 
     </span>
    </p>
   </div>
   <div class='ocr_carea' id='block_1_21' title="bbox 1038 1892 1828 2573">
    <p class='ocr_par' dir='ltr' id='par_1_33' title="bbox 1039 1892 1715 2046">
     <span class='ocr_line' id='line_1_57' title="bbox 1039 1892 1715 1960; baseline -0.013 -11"><span class='ocrx_word' id='word_1_298' title='bbox 1039 1899 1130 1956; x_wconf 81' lang='lat' dir='ltr'><strong>Quater</strong></span> <span class='ocrx_word' id='word_1_299' title='bbox 1142 1893 1242 1960; x_wconf 89' lang='lat' dir='ltr'><strong>quidem</strong></span> <span class='ocrx_word' id='word_1_300' title='bbox 1254 1894 1323 1958; x_wconf 89' lang='lat' dir='ltr'><strong>prius</strong></span> <span class='ocrx_word' id='word_1_301' title='bbox 1338 1893 1454 1944; x_wconf 87' lang='lat' dir='ltr'><strong>distincte</strong></span> <span class='ocrx_word' id='word_1_302' title='bbox 1466 1892 1581 1942; x_wconf 79' lang='lat' dir='ltr'><strong>clamavit</strong></span> <span class='ocrx_word' id='word_1_303' title='bbox 1597 1892 1715 1954; x_wconf 87' lang='lat' dir='ltr'><strong>populus,</strong></span> 
     </span>
     <span class='ocr_line' id='line_1_58' title="bbox 1070 1979 1650 2046; baseline -0.01 -12"><span class='ocrx_word' id='word_1_304' title='bbox 1070 1981 1301 2034; x_wconf 84' lang='lat' dir='ltr'><strong>calchantis-filium</strong></span> <span class='ocrx_word' id='word_1_305' title='bbox 1318 1981 1480 2046; x_wconf 76' lang='lat' dir='ltr'><strong>Porphyrium</strong></span> <span class='ocrx_word' id='word_1_306' title='bbox 1493 1979 1650 2039; x_wconf 80' lang='lat' dir='ltr'><strong>desiderana3</strong></span> 
     </span>
    </p>

    <p class='ocr_par' dir='ltr' id='par_1_34' title="bbox 1038 2069 1567 2219">
     <span class='ocr_line' id='line_1_59' title="bbox 1038 2069 1488 2124; baseline -0.009 -1"><span class='ocrx_word' id='word_1_307' title='bbox 1038 2071 1083 2124; x_wconf 85' lang='lat' dir='ltr'><strong>sed</strong></span> <span class='ocrx_word' id='word_1_308' title='bbox 1097 2073 1137 2122; x_wconf 91' lang='lat' dir='ltr'><strong>ille</strong></span> <span class='ocrx_word' id='word_1_309' title='bbox 1150 2070 1275 2122; x_wconf 70' lang='lat' dir='ltr'><strong>oremus</strong></span> <span class='ocrx_word' id='word_1_310' title='bbox 1287 2073 1407 2121; x_wconf 72' lang='lat' dir='ltr'><strong>Caesareae</strong></span> <span class='ocrx_word' id='word_1_311' title='bbox 1421 2069 1488 2120; x_wconf 85' lang='lat' dir='ltr'><strong>sedis</strong></span> 
     </span>
     <span class='ocr_line' id='line_1_60' title="bbox 1068 2154 1567 2219; baseline -0.008 -11"><span class='ocrx_word' id='word_1_312' title='bbox 1068 2157 1177 2208; x_wconf 88' lang='lat' dir='ltr'><strong>habenas</strong></span> <span class='ocrx_word' id='word_1_313' title='bbox 1190 2162 1216 2208; x_wconf 86' lang='lat' dir='ltr'><strong>et</strong></span> <span class='ocrx_word' id='word_1_314' title='bbox 1226 2170 1312 2207; x_wconf 87' lang='lat' dir='ltr'><strong>zonam</strong></span> <span class='ocrx_word' id='word_1_315' title='bbox 1321 2159 1461 2219; x_wconf 82' lang='lat' dir='ltr'><strong>equestrem</strong></span> <span class='ocrx_word' id='word_1_316' title='bbox 1470 2154 1567 2215; x_wconf 87' lang='lat' dir='ltr'><strong>tollens,</strong></span> 
     </span>
    </p>

    <p class='ocr_par' dir='ltr' id='par_1_35' title="bbox 1039 2241 1828 2398">
     <span class='ocr_line' id='line_1_61' title="bbox 1039 2241 1827 2310; baseline -0.008 -12"><span class='ocrx_word' id='word_1_317' title='bbox 1039 2246 1096 2298; x_wconf 87' lang='lat' dir='ltr'><strong>iude</strong></span> <span class='ocrx_word' id='word_1_318' title='bbox 1104 2246 1208 2297; x_wconf 86' lang='lat' dir='ltr'><strong>incitans</strong></span> <span class='ocrx_word' id='word_1_319' title='bbox 1219 2258 1297 2310; x_wconf 82' lang='lat' dir='ltr'><strong>equos</strong></span> <span class='ocrx_word' id='word_1_320' title='bbox 1309 2243 1427 2308; x_wconf 66' lang='lat' dir='ltr'><strong>agitabat,</strong></span> <span class='ocrx_word' id='word_1_321' title='bbox 1435 2241 1554 2292; x_wconf 89' lang='lat' dir='ltr'><strong>in-medio</strong></span> <span class='ocrx_word' id='word_1_322' title='bbox 1561 2245 1646 2292; x_wconf 86' lang='lat' dir='ltr'><strong>autem</strong></span> <span class='ocrx_word' id='word_1_323' title='bbox 1656 2242 1827 2292; x_wconf 78' lang='lat' dir='ltr'><strong>certaminum</strong></span> 
     </span>
     <span class='ocr_line' id='line_1_62' title="bbox 1069 2327 1828 2398; baseline -0.007 -14"><span class='ocrx_word' id='word_1_324' title='bbox 1069 2348 1153 2386; x_wconf 77' lang='lat' dir='ltr'><strong>aeneus</strong></span> <span class='ocrx_word' id='word_1_325' title='bbox 1164 2334 1320 2398; x_wconf 87' lang='lat' dir='ltr'><strong>positus-est,</strong></span> <span class='ocrx_word' id='word_1_326' title='bbox 1335 2331 1438 2396; x_wconf 90' lang='lat' dir='ltr'><strong>primam</strong></span> <span class='ocrx_word' id='word_1_327' title='bbox 1452 2328 1591 2394; x_wconf 76' lang='lat' dir='ltr'><strong>lanuginem</strong></span> <span class='ocrx_word' id='word_1_328' title='bbox 1601 2327 1703 2379; x_wconf 84' lang='lat' dir='ltr'><strong>habens.</strong></span> <span class='ocrx_word' id='word_1_329' title='bbox 1733 2329 1828 2395; x_wconf 84' lang='lat' dir='ltr'><strong>[cursu</strong></span> 
     </span>
    </p>

    <p class='ocr_par' dir='ltr' id='par_1_36' title="bbox 1039 2417 1761 2573">
     <span class='ocr_line' id='line_1_63' title="bbox 1039 2417 1761 2484; baseline -0.008 -11"><span class='ocrx_word' id='word_1_330' title='bbox 1039 2422 1065 2473; x_wconf 89' lang='lat' dir='ltr'><strong>Si</strong></span> <span class='ocrx_word' id='word_1_331' title='bbox 1078 2435 1136 2473; x_wconf 83' lang='lat' dir='ltr'><strong>reto</strong></span> <span class='ocrx_word' id='word_1_332' title='bbox 1145 2422 1214 2471; x_wconf 87' lang='lat' dir='ltr'><strong>annis</strong></span> <span class='ocrx_word' id='word_1_333' title='bbox 1225 2420 1353 2484; x_wconf 82' lang='lat' dir='ltr'><strong>praemium</strong></span> <span class='ocrx_word' id='word_1_334' title='bbox 1367 2418 1435 2468; x_wconf 84' lang='lat' dir='ltr'><strong>venit</strong></span> <span class='ocrx_word' id='word_1_335' title='bbox 1448 2417 1535 2479; x_wconf 83' lang='lat' dir='ltr'><strong>citius,</strong></span> <span class='ocrx_word' id='word_1_336' title='bbox 1550 2420 1575 2468; x_wconf 86' lang='lat' dir='ltr'><strong>at</strong></span> <span class='ocrx_word' id='word_1_337' title='bbox 1587 2430 1639 2481; x_wconf 83' lang='lat' dir='ltr'><strong>prae</strong></span> <span class='ocrx_word' id='word_1_338' title='bbox 1648 2417 1761 2467; x_wconf 78' lang='lat' dir='ltr'><strong>victoriis</strong></span> 
     </span>
     <span class='ocr_line' id='line_1_64' title="bbox 1071 2507 1547 2573; baseline -0.011 -14"><span class='ocrx_word' id='word_1_339' title='bbox 1071 2522 1167 2569; x_wconf 86' lang='lat' dir='ltr'><strong>serum,</strong></span> <span class='ocrx_word' id='word_1_340' title='bbox 1183 2511 1209 2558; x_wconf 86' lang='lat' dir='ltr'><strong>at</strong></span> <span class='ocrx_word' id='word_1_341' title='bbox 1222 2521 1301 2573; x_wconf 76' lang='lat' dir='ltr'><strong>agre,</strong></span> <span class='ocrx_word' id='word_1_342' title='bbox 1314 2507 1392 2556; x_wconf 86' lang='lat' dir='ltr'><strong>multa</strong></span> <span class='ocrx_word' id='word_1_343' title='bbox 1405 2508 1462 2570; x_wconf 86' lang='lat' dir='ltr'><strong>post</strong></span> <span class='ocrx_word' id='word_1_344' title='bbox 1473 2509 1547 2556; x_wconf 87' lang='lat' dir='ltr'><strong>serta.</strong></span> 
     </span>
    </p>
   </div>
   <div class='ocr_carea' id='block_1_22' title="bbox 1339 2641 1520 2692">
    <p class='ocr_par' dir='ltr' id='par_1_37' title="bbox 1339 2641 1520 2692">
     <span class='ocr_line' id='line_1_65' title="bbox 1339 2641 1520 2692; baseline 0.017 -3"><span class='ocrx_word' id='word_1_345' title='bbox 1339 2641 1393 2689; x_wconf 77' lang='grc'><strong>387.</strong></span> <span class='ocrx_word' id='word_1_346' title='bbox 1410 2649 1520 2692; x_wconf 74' lang='lat' dir='ltr'><strong>aelel).</strong></span> 
     </span>
    </p>
   </div>
   <div class='ocr_carea' id='block_1_23' title="bbox 1038 2767 1823 3272">
    <p class='ocr_par' dir='ltr' id='par_1_38' title="bbox 1038 2767 1823 3272">
     <span class='ocr_line' id='line_1_66' title="bbox 1039 2767 1596 2832; baseline -0.005 -13"><span class='ocrx_word' id='word_1_347' title='bbox 1039 2769 1160 2820; x_wconf 78' lang='lat' dir='ltr'><strong>Anchisen</strong></span> <span class='ocrx_word' id='word_1_348' title='bbox 1170 2767 1291 2832; x_wconf 82' lang='lat' dir='ltr'><strong>Cytherea</strong></span> <span class='ocrx_word' id='word_1_349' title='bbox 1304 2769 1330 2818; x_wconf 90' lang='lat' dir='ltr'><strong>et</strong></span> <span class='ocrx_word' id='word_1_350' title='bbox 1340 2767 1515 2830; x_wconf 74' lang='lat' dir='ltr'><strong>Endymionem</strong></span> <span class='ocrx_word' id='word_1_351' title='bbox 1527 2768 1596 2817; x_wconf 82' lang='lat' dir='ltr'><strong>huna</strong></span> 
     </span>
     <span class='ocr_line' id='line_1_67' title="bbox 1069 2855 1768 2920; baseline -0.003 -12"><span class='ocrx_word' id='word_1_352' title='bbox 1069 2857 1174 2917; x_wconf 71' lang='lat' dir='ltr'><strong>amarit,</strong></span> <span class='ocrx_word' id='word_1_353' title='bbox 1189 2860 1215 2906; x_wconf 89' lang='lat' dir='ltr'><strong>et</strong></span> <span class='ocrx_word' id='word_1_354' title='bbox 1225 2856 1332 2906; x_wconf 82' lang='lat' dir='ltr'><strong>Victoria</strong></span> <span class='ocrx_word' id='word_1_355' title='bbox 1345 2870 1410 2908; x_wconf 91' lang='lat' dir='ltr'><strong>nuuc</strong></span> <span class='ocrx_word' id='word_1_356' title='bbox 1424 2857 1486 2906; x_wconf 83' lang='lat' dir='ltr'><strong>torte</strong></span> <span class='ocrx_word' id='word_1_357' title='bbox 1498 2859 1574 2906; x_wconf 73' lang='grc' dir='ltr'>σκιαὶ</span> <span class='ocrx_word' id='word_1_358' title='bbox 1591 2855 1768 2920; x_wconf 79' lang='lat' dir='ltr'><strong>Porphyrium,</strong></span> 
     </span>
     <span class='ocr_line' id='line_1_68' title="bbox 1038 2943 1496 3010; baseline -0.009 -14"><span class='ocrx_word' id='word_1_359' title='bbox 1038 2945 1083 3010; x_wconf 94' lang='lat' dir='ltr'><strong>qui</strong></span> <span class='ocrx_word' id='word_1_360' title='bbox 1092 2947 1118 2995; x_wconf 86' lang='lat' dir='ltr'><strong>et</strong></span> <span class='ocrx_word' id='word_1_361' title='bbox 1129 2958 1187 2995; x_wconf 84' lang='lat' dir='ltr'><strong>suos</strong></span> <span class='ocrx_word' id='word_1_362' title='bbox 1199 2957 1276 3006; x_wconf 87' lang='lat' dir='ltr'><strong>equos</strong></span> <span class='ocrx_word' id='word_1_363' title='bbox 1285 2947 1311 2994; x_wconf 86' lang='lat' dir='ltr'><strong>et</strong></span> <span class='ocrx_word' id='word_1_364' title='bbox 1324 2943 1396 2993; x_wconf 90' lang='lat' dir='ltr'><strong>amici</strong></span> <span class='ocrx_word' id='word_1_365' title='bbox 1405 2944 1496 3007; x_wconf 73' lang='lat' dir='ltr'><strong>aurigae</strong></span> 
     </span>
     <span class='ocr_line' id='line_1_69' title="bbox 1069 3032 1496 3096; baseline -0.007 -12"><span class='ocrx_word' id='word_1_366' title='bbox 1069 3048 1100 3084; x_wconf 81' lang='lat' dir='ltr'><strong>ex</strong></span> <span class='ocrx_word' id='word_1_367' title='bbox 1109 3033 1162 3083; x_wconf 87' lang='lat' dir='ltr'><strong>aliis</strong></span> <span class='ocrx_word' id='word_1_368' title='bbox 1177 3032 1238 3082; x_wconf 89' lang='lat' dir='ltr'><strong>alios</strong></span> <span class='ocrx_word' id='word_1_369' title='bbox 1253 3045 1331 3095; x_wconf 89' lang='lat' dir='ltr'><strong>usque</strong></span> <span class='ocrx_word' id='word_1_370' title='bbox 1342 3035 1496 3096; x_wconf 84' lang='lat' dir='ltr'><strong>permutans,</strong></span> 
     </span>
     <span class='ocr_line' id='line_1_70' title="bbox 1038 3119 1823 3186; baseline -0.001 -13"><span class='ocrx_word' id='word_1_371' title='bbox 1038 3136 1103 3186; x_wconf 81' lang='lat' dir='ltr'><strong>saepe</strong></span> <span class='ocrx_word' id='word_1_372' title='bbox 1115 3125 1187 3184; x_wconf 85' lang='lat' dir='ltr'><strong>caput</strong></span> <span class='ocrx_word' id='word_1_373' title='bbox 1200 3121 1357 3171; x_wconf 85' lang='lat' dir='ltr'><strong>obumbravit</strong></span> <span class='ocrx_word' id='word_1_374' title='bbox 1369 3120 1511 3171; x_wconf 84' lang='lat' dir='ltr'><strong>totius-diei</strong></span> <span class='ocrx_word' id='word_1_375' title='bbox 1523 3119 1823 3184; x_wconf 74' lang='lat' dir='ltr'><strong>conterminum-praemiii,</strong></span> 
     </span>
     <span class='ocr_line' id='line_1_71' title="bbox 1068 3209 1555 3272; baseline -0.006 -12"><span class='ocrx_word' id='word_1_376' title='bbox 1068 3211 1218 3269; x_wconf 81' lang='lat' dir='ltr'><strong>indefessus,</strong></span> <span class='ocrx_word' id='word_1_377' title='bbox 1235 3209 1312 3259; x_wconf 88' lang='lat' dir='ltr'><strong>sodali</strong></span> <span class='ocrx_word' id='word_1_378' title='bbox 1321 3212 1417 3259; x_wconf 88' lang='lat' dir='ltr'><strong>tantum</strong></span> <span class='ocrx_word' id='word_1_379' title='bbox 1429 3212 1555 3272; x_wconf 88' lang='lat' dir='ltr'><strong>sequente.</strong></span> 
     </span>
    </p>
   </div>
   <div class='ocr_carea' id='block_1_24' title="bbox 1336 3346 1517 3393">
    <p class='ocr_par' dir='ltr' id='par_1_39' title="bbox 1336 3346 1517 3393">
     <span class='ocr_line' id='line_1_72' title="bbox 1336 3346 1517 3393; baseline -0.017 -1"><span class='ocrx_word' id='word_1_380' title='bbox 1336 3346 1390 3393; x_wconf 83' lang='lat'><strong>338.</strong></span> <span class='ocrx_word' id='word_1_381' title='bbox 1412 3351 1517 3392; x_wconf 76' lang='lat' dir='ltr'><strong>estun.</strong></span> 
     </span>
    </p>
   </div>
   <div class='ocr_carea' id='block_1_25' title="bbox 1036 3484 1824 3810">
    <p class='ocr_par' dir='ltr' id='par_1_40' title="bbox 1036 3484 1824 3638">
     <span class='ocr_line' id='line_1_73' title="bbox 1036 3484 1824 3549; baseline 0 -13"><span class='ocrx_word' id='word_1_382' title='bbox 1036 3488 1089 3536; x_wconf 87' lang='lat' dir='ltr'><strong>lloe</strong></span> <span class='ocrx_word' id='word_1_383' title='bbox 1100 3485 1145 3535; x_wconf 86' lang='lat' dir='ltr'><strong>tibi</strong></span> <span class='ocrx_word' id='word_1_384' title='bbox 1157 3484 1242 3548; x_wconf 72' lang='lat' dir='ltr'><strong>juveni</strong></span> <span class='ocrx_word' id='word_1_385' title='bbox 1252 3484 1357 3534; x_wconf 86' lang='lat' dir='ltr'><strong>Victoria</strong></span> <span class='ocrx_word' id='word_1_386' title='bbox 1367 3486 1495 3548; x_wconf 71' lang='lat' dir='ltr'><strong>premium</strong></span> <span class='ocrx_word' id='word_1_387' title='bbox 1507 3485 1568 3546; x_wconf 85' lang='lat' dir='ltr'><strong>dot,</strong></span> <span class='ocrx_word' id='word_1_388' title='bbox 1579 3498 1645 3547; x_wconf 85' lang='lat' dir='ltr'><strong>quon</strong></span> <span class='ocrx_word' id='word_1_389' title='bbox 1655 3488 1755 3549; x_wconf 86' lang='lat' dir='ltr'><strong>tempus</strong></span> <span class='ocrx_word' id='word_1_390' title='bbox 1768 3485 1824 3537; x_wconf 84' lang='lat' dir='ltr'><strong>eliis</strong></span> 
     </span>
     <span class='ocr_line' id='line_1_74' title="bbox 1068 3571 1579 3638; baseline 0 -15"><span class='ocrx_word' id='word_1_391' title='bbox 1068 3586 1123 3623; x_wconf 86' lang='lat' dir='ltr'><strong>sero</strong></span> <span class='ocrx_word' id='word_1_392' title='bbox 1133 3572 1175 3622; x_wconf 81' lang='lat' dir='ltr'><strong>vix</strong></span> <span class='ocrx_word' id='word_1_393' title='bbox 1188 3571 1282 3622; x_wconf 85' lang='lat' dir='ltr'><strong>incenis</strong></span> <span class='ocrx_word' id='word_1_394' title='bbox 1298 3572 1411 3635; x_wconf 74' lang='lat' dir='ltr'><strong>praebuit,</strong></span> <span class='ocrx_word' id='word_1_395' title='bbox 1424 3588 1439 3623; x_wconf 93' lang='lat' dir='ltr'><strong>o</strong></span> <span class='ocrx_word' id='word_1_396' title='bbox 1451 3571 1579 3638; x_wconf 63' lang='lat' dir='ltr'><strong>Porphyri.</strong></span> 
     </span>
    </p>

    <p class='ocr_par' dir='ltr' id='par_1_41' title="bbox 1037 3659 1786 3810">
     <span class='ocr_line' id='line_1_75' title="bbox 1037 3659 1786 3724; baseline -0.001 -13"><span class='ocrx_word' id='word_1_397' title='bbox 1037 3661 1132 3713; x_wconf 85' lang='lat' dir='ltr'><strong>Etenim</strong></span> <span class='ocrx_word' id='word_1_398' title='bbox 1145 3664 1384 3724; x_wconf 86' lang='lat' dir='ltr'><strong>quum-numerasset</strong></span> <span class='ocrx_word' id='word_1_399' title='bbox 1396 3664 1602 3724; x_wconf 75' lang='lat' dir='ltr'><strong>supe-coronatos</strong></span> <span class='ocrx_word' id='word_1_400' title='bbox 1612 3663 1669 3708; x_wconf 89' lang='lat' dir='ltr'><strong>tuos</strong></span> <span class='ocrx_word' id='word_1_401' title='bbox 1679 3659 1786 3719; x_wconf 75' lang='lat' dir='ltr'><strong>labores,</strong></span> 
     </span>
     <span class='ocr_line' id='line_1_76' title="bbox 1068 3747 1627 3810; baseline -0.004 -13"><span class='ocrx_word' id='word_1_402' title='bbox 1068 3747 1162 3797; x_wconf 87' lang='lat' dir='ltr'><strong>invenit</strong></span> <span class='ocrx_word' id='word_1_403' title='bbox 1177 3747 1314 3797; x_wconf 86' lang='lat' dir='ltr'><strong>senioribus</strong></span> <span class='ocrx_word' id='word_1_404' title='bbox 1328 3747 1510 3810; x_wconf 74' lang='lat' dir='ltr'><strong>prestantiores</strong></span> <span class='ocrx_word' id='word_1_405' title='bbox 1522 3747 1627 3810; x_wconf 70' lang='lat' dir='ltr'><strong>hungis.</strong></span> 
     </span>
    </p>
   </div>
   <div class='ocr_carea' id='block_1_26' title="bbox 1009 3905 1626 4057">
    <p class='ocr_par' dir='ltr' id='par_1_42' title="bbox 1009 3905 1626 4057">
     <span class='ocr_line' id='line_1_77' title="bbox 1020 3905 1617 3972; baseline 0 -18"><span class='ocrx_word' id='word_1_406' title='bbox 1020 3956 1022 3969; x_wconf 46' lang='grc' dir='ltr'>Ι</span> <span class='ocrx_word' id='word_1_407' title='bbox 1075 3908 1157 3955; x_wconf 84' lang='lat' dir='ltr'><strong>Certat</strong></span> <span class='ocrx_word' id='word_1_408' title='bbox 1171 3905 1250 3955; x_wconf 89' lang='lat' dir='ltr'><strong>adhuc</strong></span> <span class='ocrx_word' id='word_1_409' title='bbox 1263 3905 1341 3972; x_wconf 87' lang='lat' dir='ltr'><strong>primo</strong></span> <span class='ocrx_word' id='word_1_410' title='bbox 1356 3906 1415 3954; x_wconf 88' lang='lat' dir='ltr'><strong>ilore</strong></span> <span class='ocrx_word' id='word_1_411' title='bbox 1428 3916 1522 3970; x_wconf 76' lang='lat' dir='ltr'><strong>tegente</strong></span> <span class='ocrx_word' id='word_1_412' title='bbox 1537 3921 1617 3969; x_wconf 76' lang='lat' dir='ltr'><strong>gentas.</strong></span> 
     </span>
     <span class='ocr_line' id='line_1_78' title="bbox 1009 3973 1626 4057; baseline 0 -16"><span class='ocrx_word' id='word_1_413' title='bbox 1009 3973 1022 4033; x_wconf 73' lang='lat' dir='ltr'><strong>&#39;i</strong></span> <span class='ocrx_word' id='word_1_414' title='bbox 1042 3993 1115 4041; x_wconf 83' lang='lat' dir='ltr'><strong>AEtati</strong></span> <span class='ocrx_word' id='word_1_415' title='bbox 1128 3991 1177 4040; x_wconf 83' lang='lat' dir='ltr'><strong>cita</strong></span> <span class='ocrx_word' id='word_1_416' title='bbox 1189 4000 1244 4040; x_wconf 81' lang='lat' dir='ltr'><strong>sunt</strong></span> <span class='ocrx_word' id='word_1_417' title='bbox 1258 3992 1312 4040; x_wconf 88' lang='lat' dir='ltr'><strong>data</strong></span> <span class='ocrx_word' id='word_1_418' title='bbox 1327 3992 1438 4057; x_wconf 77' lang='lat' dir='ltr'><strong>perennia,</strong></span> <span class='ocrx_word' id='word_1_419' title='bbox 1449 4008 1500 4040; x_wconf 84' lang='lat' dir='ltr'><strong>sera</strong></span> <span class='ocrx_word' id='word_1_420' title='bbox 1513 3991 1626 4041; x_wconf 85' lang='lat' dir='ltr'><strong>coronis:</strong></span> 
     </span>
    </p>
   </div>
   <div class='ocr_carea' id='block_1_27' title="bbox 1077 4075 1637 4141">
    <p class='ocr_par' dir='ltr' id='par_1_43' title="bbox 1077 4075 1637 4141">
     <span class='ocr_line' id='line_1_79' title="bbox 1077 4075 1637 4141; baseline 0.004 -17"><span class='ocrx_word' id='word_1_421' title='bbox 1077 4076 1132 4124; x_wconf 89' lang='lat' dir='ltr'><strong>lllas</strong></span> <span class='ocrx_word' id='word_1_422' title='bbox 1144 4075 1185 4140; x_wconf 91' lang='lat' dir='ltr'><strong>qui</strong></span> <span class='ocrx_word' id='word_1_423' title='bbox 1198 4085 1309 4124; x_wconf 88' lang='lat' dir='ltr'><strong>numerat</strong></span> <span class='ocrx_word' id='word_1_424' title='bbox 1319 4113 1327 4137; x_wconf 91' lang='lat'><strong>,</strong></span> <span class='ocrx_word' id='word_1_425' title='bbox 1336 4076 1386 4141; x_wconf 86' lang='lat' dir='ltr'><strong>jam</strong></span> <span class='ocrx_word' id='word_1_426' title='bbox 1400 4085 1469 4141; x_wconf 73' lang='lat' dir='ltr'><strong>pietat</strong></span> <span class='ocrx_word' id='word_1_427' title='bbox 1484 4091 1534 4124; x_wconf 85' lang='lat' dir='ltr'><strong>esse</strong></span> <span class='ocrx_word' id='word_1_428' title='bbox 1548 4090 1637 4126; x_wconf 86' lang='lat' dir='ltr'><strong>senem.</strong></span> 
     </span>
    </p>
   </div>
   <div class='ocr_carea' id='block_1_28' title="bbox 1321 4190 1541 4251">
    <p class='ocr_par' dir='ltr' id='par_1_44' title="bbox 1321 4190 1541 4251">
     <span class='ocr_line' id='line_1_80' title="bbox 1321 4190 1541 4251; baseline 0.005 -11"><span class='ocrx_word' id='word_1_429' title='bbox 1321 4195 1378 4251; x_wconf 78' lang='lat'>337.</span> <span class='ocrx_word' id='word_1_430' title='bbox 1400 4196 1435 4239; x_wconf 85' lang='lat' dir='ltr'><strong>De</strong></span> <span class='ocrx_word' id='word_1_431' title='bbox 1450 4190 1541 4241; x_wconf 81' lang='lat' dir='ltr'><strong>codem.</strong></span> 
     </span>
    </p>
   </div>
   <div class='ocr_carea' id='block_1_29' title="bbox 1018 4293 1672 4793">
    <p class='ocr_par' dir='ltr' id='par_1_45' title="bbox 1019 4293 1672 4463">
     <span class='ocr_line' id='line_1_81' title="bbox 1019 4293 1672 4381; baseline -0.006 -22"><span class='ocrx_word' id='word_1_432' title='bbox 1019 4293 1022 4381; x_wconf 59' lang='grc' dir='ltr'>γ</span> <span class='ocrx_word' id='word_1_433' title='bbox 1041 4314 1094 4359; x_wconf 86' lang='grc' dir='ltr'><strong>Ηοο</strong></span> <span class='ocrx_word' id='word_1_434' title='bbox 1106 4309 1151 4359; x_wconf 89' lang='lat' dir='ltr'><strong>tibi</strong></span> <span class='ocrx_word' id='word_1_435' title='bbox 1167 4309 1325 4375; x_wconf 86' lang='lat' dir='ltr'><strong>Porphyrius,</strong></span> <span class='ocrx_word' id='word_1_436' title='bbox 1334 4308 1458 4368; x_wconf 78' lang='lat' dir='ltr'><strong>Victoria,</strong></span> <span class='ocrx_word' id='word_1_437' title='bbox 1471 4308 1534 4372; x_wconf 83' lang='lat' dir='ltr'><strong>quod</strong></span> <span class='ocrx_word' id='word_1_438' title='bbox 1547 4307 1672 4372; x_wconf 70' lang='lat' dir='ltr'><strong>Cythereae</strong></span> 
     </span>
     <span class='ocr_line' id='line_1_82' title="bbox 1019 4391 1579 4463; baseline 0 -21"><span class='ocrx_word' id='word_1_439' title='bbox 1019 4394 1022 4463; x_wconf 73' lang='lat' dir='ltr'><strong>l</strong></span> <span class='ocrx_word' id='word_1_440' title='bbox 1073 4391 1202 4454; x_wconf 78' lang='lat' dir='ltr'><strong>Anchises,</strong></span> <span class='ocrx_word' id='word_1_441' title='bbox 1214 4398 1286 4442; x_wconf 79' lang='lat' dir='ltr'><strong>Lunae</strong></span> <span class='ocrx_word' id='word_1_442' title='bbox 1299 4393 1362 4458; x_wconf 88' lang='lat' dir='ltr'><strong>quod</strong></span> <span class='ocrx_word' id='word_1_443' title='bbox 1379 4392 1423 4442; x_wconf 84' lang='lat' dir='ltr'><strong>tuit</strong></span> <span class='ocrx_word' id='word_1_444' title='bbox 1434 4393 1579 4456; x_wconf 75' lang='lat' dir='ltr'><strong>Endymion.</strong></span> 
     </span>
    </p>

    <p class='ocr_par' dir='ltr' id='par_1_46' title="bbox 1020 4468 1632 4541">
     <span class='ocr_line' id='line_1_83' title="bbox 1020 4468 1632 4541; baseline -0.007 -16"><span class='ocrx_word' id='word_1_445' title='bbox 1020 4468 1021 4509; x_wconf 62' lang='lat' dir='ltr'><strong>i</strong></span> <span class='ocrx_word' id='word_1_446' title='bbox 1040 4475 1086 4525; x_wconf 82' lang='lat' dir='ltr'><strong>the</strong></span> <span class='ocrx_word' id='word_1_447' title='bbox 1099 4491 1155 4524; x_wconf 85' lang='lat' dir='ltr'><strong>suos</strong></span> <span class='ocrx_word' id='word_1_448' title='bbox 1167 4475 1225 4523; x_wconf 92' lang='lat' dir='ltr'><strong>dum</strong></span> <span class='ocrx_word' id='word_1_449' title='bbox 1239 4485 1315 4524; x_wconf 86' lang='lat' dir='ltr'><strong>mutat</strong></span> <span class='ocrx_word' id='word_1_450' title='bbox 1327 4491 1401 4541; x_wconf 83' lang='lat' dir='ltr'><strong>equos</strong></span> <span class='ocrx_word' id='word_1_451' title='bbox 1420 4475 1520 4539; x_wconf 86' lang='lat' dir='ltr'><strong>notique</strong></span> <span class='ocrx_word' id='word_1_452' title='bbox 1535 4475 1632 4532; x_wconf 83' lang='lat' dir='ltr'><strong>sodalis,</strong></span> 
     </span>
    </p>

    <p class='ocr_par' dir='ltr' id='par_1_47' title="bbox 1019 4546 1621 4625">
     <span class='ocr_line' id='line_1_84' title="bbox 1019 4546 1621 4625; baseline -0.002 -17"><span class='ocrx_word' id='word_1_453' title='bbox 1019 4546 1022 4623; x_wconf 63' lang='grc' dir='ltr'><em>Ξ</em></span> <span class='ocrx_word' id='word_1_454' title='bbox 1075 4564 1151 4624; x_wconf 87' lang='lat' dir='ltr'><strong>Inque</strong></span> <span class='ocrx_word' id='word_1_455' title='bbox 1164 4558 1227 4608; x_wconf 80' lang='lat' dir='ltr'><strong>vices</strong></span> <span class='ocrx_word' id='word_1_456' title='bbox 1239 4559 1292 4608; x_wconf 86' lang='lat' dir='ltr'><strong>illos</strong></span> <span class='ocrx_word' id='word_1_457' title='bbox 1304 4559 1396 4624; x_wconf 89' lang='lat' dir='ltr'><strong>bosque</strong></span> <span class='ocrx_word' id='word_1_458' title='bbox 1409 4575 1546 4625; x_wconf 75' lang='lat' dir='ltr'><strong>persequor</strong></span> <span class='ocrx_word' id='word_1_459' title='bbox 1559 4558 1621 4621; x_wconf 79' lang='lat' dir='ltr'><strong>agit,</strong></span> 
     </span>
    </p>

    <p class='ocr_par' dir='ltr' id='par_1_48' title="bbox 1018 4626 1589 4708">
     <span class='ocr_line' id='line_1_85' title="bbox 1018 4626 1589 4708; baseline -0.004 -16"><span class='ocrx_word' id='word_1_460' title='bbox 1018 4626 1021 4703; x_wconf 53' lang='lat' dir='ltr'>J</span> <span class='ocrx_word' id='word_1_461' title='bbox 1039 4642 1139 4708; x_wconf 76' lang='lat' dir='ltr'><strong>Absque</strong></span> <span class='ocrx_word' id='word_1_462' title='bbox 1154 4641 1238 4693; x_wconf 86' lang='lat' dir='ltr'><strong>labore</strong></span> <span class='ocrx_word' id='word_1_463' title='bbox 1251 4658 1294 4690; x_wconf 88' lang='lat' dir='ltr'><strong>suo</strong></span> <span class='ocrx_word' id='word_1_464' title='bbox 1308 4642 1396 4690; x_wconf 83' lang='lat' dir='ltr'><strong>meruit</strong></span> <span class='ocrx_word' id='word_1_465' title='bbox 1412 4640 1492 4690; x_wconf 80' lang='lat' dir='ltr'><strong>felicia</strong></span> <span class='ocrx_word' id='word_1_466' title='bbox 1507 4651 1589 4690; x_wconf 86' lang='lat' dir='ltr'><strong>serta:</strong></span> 
     </span>
    </p>

    <p class='ocr_par' dir='ltr' id='par_1_49' title="bbox 1018 4723 1643 4793">
     <span class='ocr_line' id='line_1_86' title="bbox 1018 4723 1643 4793; baseline -0.013 -14"><span class='ocrx_word' id='word_1_467' title='bbox 1018 4750 1020 4755; x_wconf 59' lang='lat'><strong>⁴</strong></span> <span class='ocrx_word' id='word_1_468' title='bbox 1073 4730 1185 4793; x_wconf 84' lang='lat' dir='ltr'><strong>Namque</strong></span> <span class='ocrx_word' id='word_1_469' title='bbox 1201 4735 1253 4777; x_wconf 85' lang='lat' dir='ltr'><strong>erat</strong></span> <span class='ocrx_word' id='word_1_470' title='bbox 1267 4725 1366 4776; x_wconf 85' lang='lat' dir='ltr'><strong>alterius</strong></span> <span class='ocrx_word' id='word_1_471' title='bbox 1382 4725 1415 4773; x_wconf 87' lang='lat' dir='ltr'><strong>nil</strong></span> <span class='ocrx_word' id='word_1_472' title='bbox 1431 4723 1476 4772; x_wconf 88' lang='lat' dir='ltr'><strong>uisi</strong></span> <span class='ocrx_word' id='word_1_473' title='bbox 1492 4741 1553 4790; x_wconf 86' lang='lat' dir='ltr'><strong>pone</strong></span> <span class='ocrx_word' id='word_1_474' title='bbox 1566 4724 1643 4788; x_wconf 82' lang='lat' dir='ltr'><strong>sequi.</strong></span> 
     </span>
    </p>
   </div>
   <div class='ocr_carea' id='block_1_30' title="bbox 1322 4839 1539 4892">
    <p class='ocr_par' dir='ltr' id='par_1_50' title="bbox 1322 4839 1539 4892">
     <span class='ocr_line' id='line_1_87' title="bbox 1322 4839 1539 4892; baseline -0.005 -1"><span class='ocrx_word' id='word_1_475' title='bbox 1322 4846 1379 4892; x_wconf 83' lang='lat'><strong>338.</strong></span> <span class='ocrx_word' id='word_1_476' title='bbox 1398 4845 1434 4892; x_wconf 79' lang='lat' dir='ltr'><strong>m</strong></span> <span class='ocrx_word' id='word_1_477' title='bbox 1450 4839 1539 4890; x_wconf 81' lang='lat' dir='ltr'><strong>eodem.</strong></span> 
     </span>
    </p>
   </div>
   <div class='ocr_carea' id='block_1_31' title="bbox 1039 4955 1640 5024">
    <p class='ocr_par' dir='ltr' id='par_1_51' title="bbox 1039 4955 1640 5024">
     <span class='ocr_line' id='line_1_88' title="bbox 1039 4955 1640 5024; baseline -0.007 -16"><span class='ocrx_word' id='word_1_478' title='bbox 1039 4962 1095 5023; x_wconf 91' lang='lat' dir='ltr'><strong>Quo</strong></span> <span class='ocrx_word' id='word_1_479' title='bbox 1110 4961 1193 5024; x_wconf 85' lang='lat' dir='ltr'><strong>tejam</strong></span> <span class='ocrx_word' id='word_1_480' title='bbox 1204 4959 1317 5023; x_wconf 87' lang='lat' dir='ltr'><strong>juvenem</strong></span> <span class='ocrx_word' id='word_1_481' title='bbox 1330 4958 1439 5007; x_wconf 81' lang='lat' dir='ltr'><strong>Victoria</strong></span> <span class='ocrx_word' id='word_1_482' title='bbox 1449 4958 1523 5006; x_wconf 79' lang='lat' dir='ltr'><strong>donat</strong></span> <span class='ocrx_word' id='word_1_483' title='bbox 1537 4955 1640 5017; x_wconf 84' lang='lat' dir='ltr'><strong>bonore,</strong></span> 
     </span>
    </p>
   </div>
   <div class='ocr_carea' id='block_1_32' title="bbox 1018 5036 1622 5110">
    <p class='ocr_par' dir='ltr' id='par_1_52' title="bbox 1018 5036 1622 5110">
     <span class='ocr_line' id='line_1_89' title="bbox 1018 5036 1622 5110; baseline -0.007 -17"><span class='ocrx_word' id='word_1_484' title='bbox 1018 5036 1020 5075; x_wconf 52' lang='grc' dir='ltr'>ί</span> <span class='ocrx_word' id='word_1_485' title='bbox 1073 5042 1218 5110; x_wconf 78' lang='lat' dir='ltr'><strong>Porphyrie,</strong></span> <span class='ocrx_word' id='word_1_486' title='bbox 1228 5041 1293 5092; x_wconf 89' lang='lat' dir='ltr'><strong>hune</strong></span> <span class='ocrx_word' id='word_1_487' title='bbox 1306 5042 1346 5090; x_wconf 84' lang='lat' dir='ltr'><strong>alii</strong></span> <span class='ocrx_word' id='word_1_488' title='bbox 1359 5042 1399 5090; x_wconf 81' lang='lat' dir='ltr'><strong>vix</strong></span> <span class='ocrx_word' id='word_1_489' title='bbox 1413 5056 1521 5090; x_wconf 85' lang='lat' dir='ltr'><strong>meruere</strong></span> <span class='ocrx_word' id='word_1_490' title='bbox 1536 5055 1602 5088; x_wconf 82' lang='lat' dir='ltr'><strong>senes</strong></span> <span class='ocrx_word' id='word_1_491' title='bbox 1616 5056 1622 5089; x_wconf 94' lang='lat'>:</span> 
     </span>
    </p>
   </div>
   <div class='ocr_carea' id='block_1_33' title="bbox 1039 5123 1721 5192">
    <p class='ocr_par' dir='ltr' id='par_1_53' title="bbox 1039 5123 1721 5192">
     <span class='ocr_line' id='line_1_90' title="bbox 1039 5123 1721 5192; baseline -0.015 -13"><span class='ocrx_word' id='word_1_492' title='bbox 1039 5130 1150 5192; x_wconf 81' lang='lat' dir='ltr'><strong>Namque</strong></span> <span class='ocrx_word' id='word_1_493' title='bbox 1165 5136 1219 5178; x_wconf 84' lang='lat' dir='ltr'><strong>tuas</strong></span> <span class='ocrx_word' id='word_1_494' title='bbox 1233 5137 1257 5177; x_wconf 85' lang='lat' dir='ltr'><strong>et</strong></span> <span class='ocrx_word' id='word_1_495' title='bbox 1271 5143 1330 5177; x_wconf 87' lang='lat' dir='ltr'><strong>cana</strong></span> <span class='ocrx_word' id='word_1_496' title='bbox 1347 5126 1428 5175; x_wconf 87' lang='lat' dir='ltr'><strong>lerunt</strong></span> <span class='ocrx_word' id='word_1_497' title='bbox 1439 5141 1496 5190; x_wconf 83' lang='lat' dir='ltr'><strong>quas</strong></span> <span class='ocrx_word' id='word_1_498' title='bbox 1512 5134 1619 5189; x_wconf 87' lang='lat' dir='ltr'><strong>tempora</strong></span> <span class='ocrx_word' id='word_1_499' title='bbox 1632 5123 1721 5188; x_wconf 84' lang='lat' dir='ltr'><strong>palmas</strong></span> 
     </span>
    </p>
   </div>
   <div class='ocr_carea' id='block_1_34' title="bbox 1017 5206 1615 5276">
    <p class='ocr_par' dir='ltr' id='par_1_54' title="bbox 1017 5206 1615 5276">
     <span class='ocr_line' id='line_1_91' title="bbox 1017 5206 1615 5276; baseline -0.008 -17"><span class='ocrx_word' id='word_1_500' title='bbox 1017 5264 1021 5272; x_wconf 31' lang='lat'>¹</span> <span class='ocrx_word' id='word_1_501' title='bbox 1072 5213 1135 5259; x_wconf 86' lang='lat' dir='ltr'><strong>Dum</strong></span> <span class='ocrx_word' id='word_1_502' title='bbox 1148 5219 1277 5266; x_wconf 85' lang='lat' dir='ltr'><strong>numerat,</strong></span> <span class='ocrx_word' id='word_1_503' title='bbox 1291 5209 1373 5276; x_wconf 83' lang='lat' dir='ltr'><strong>plures</strong></span> <span class='ocrx_word' id='word_1_504' title='bbox 1387 5206 1480 5257; x_wconf 76' lang='lat' dir='ltr'><strong>inuenit</strong></span> <span class='ocrx_word' id='word_1_505' title='bbox 1493 5221 1543 5255; x_wconf 83' lang='lat' dir='ltr'><strong>esse</strong></span> <span class='ocrx_word' id='word_1_506' title='bbox 1553 5212 1615 5254; x_wconf 85' lang='lat' dir='ltr'><strong>tuas.</strong></span> 
     </span>
    </p>
   </div>
   <div class='ocr_carea' id='block_1_35' title="bbox 0 0 1910 5910">
    <p class='ocr_par' dir='ltr' id='par_1_55' title="bbox 0 0 1910 5910">
     <span class='ocr_line' id='line_1_92' title="bbox 0 0 1910 5910; baseline 0 0"><span class='ocrx_word' id='word_1_507' title='bbox 0 0 1910 5910; x_wconf 95' lang='lat' dir='ltr'><strong> </strong></span> 
     </span>
    </p>
   </div>
  </div>
 </body>
</html>
