3810 5910
287 406 345 468 258

286 537 318 608 ἢν
329 534 460 618 πταίσης,
476 537 557 604 οὐδεὶς
572 539 610 598 ἔτι
624 560 664 596 σοι
680 538 768 617 φίλος,
782 541 840 598 ἀλλ’
857 539 914 615 ἅμα
929 541 1017 599 πάντα

326 623 422 703 ἐχθρὰ,
439 625 529 705 Τύχης
542 626 628 707 ῥιπαῖς
639 625 923 705 συμμεταθοιλλόμενα.

554 759 599 809 bb.
617 763 676 807 ΤΟΥ
695 762 801 810 ΑΥΤΟΥ.

288 875 373 935 Οὐδὲν
390 879 415 933 έν
431 875 590 956 ἀνθρώποισι
605 854 692 943 Φύσις
703 879 886 959 χαλεπώτερον
901 871 973 960 εὗρεν

328 966 463 1043 ἀνθρώπου
480 962 597 1043 καθαρὸν
611 969 770 1045 ψευδομένου
784 969 881 1050 φιλίην·

849 407 1099 471 nNTHOLOGlAE
1121 406 1323 476 PALATINAE

1113 549 1133 597 si
1145 548 1292 609 ostenderis,
1305 562 1377 599 nemo
1387 546 1439 608 jam
1449 546 1494 601 tini
1504 546 1612 610 amcos,
1622 548 1666 599 sed
1674 549 1749 601 simul
1759 557 1853 604 cuncta

1143 636 1246 696 intesta,
1258 640 1373 687 Fortuna
1384 649 1504 686 una-cum
1515 637 1694 687 moto-alarum
1706 639 1841 690 immonsa

1399 767 1439 812 36.
1460 771 1608 815 EIUSDEM.

1113 885 1177 938 llibll
1190 885 1216 937 in
1224 886 1365 938 bominibus
1378 890 1470 939 Natura
1479 887 1607 939 nocentius
1617 886 1710 939 invenit

1045 1020 1046 1025 ,
1144 976 1245 1027 homine
1258 977 1377 1028 sinceram
1389 976 1523 1029 mentiente
1534 976 1665 1027 amicitiam
1677 995 1683 1026 :

289 1054 317 1110 ni
332 1051 383 1135 γὰρ
393 1053 429 1120 ἔθ’
438 1058 472 1121 ὡς
487 1057 578 1141 &piper
591 1057 832 1139 προφνλτσσθμιθ,
843 1056 904 1117 ἀλλ’
914 1060 1068 1141 ἀγαπῶντος
1114 1065 1233 1121 nonenim
1241 1066 1292 1133 jam
1301 1069 1330 1119 ot
1355 1062 1493 1113 ablnimiro
1511 1076 1693 1125 praecavemus,
1704 1069 1748 1123 scd
1760 1071 1895 1141 diligentes

328 1145 362 1208 ὡς
373 1142 458 1224 φιλον,
473 1146 597 1227 ἐντούτῳ
612 1144 721 1207 πλείονα
737 1149 918 1226 piamonem.

544 1283 587 1332 37.
608 1285 667 1330 ΤΟΥ
685 1284 789 1333 ΑΥΤΟΥ.

288 1397 323 1458 ‘ll
338 1398 487 1477 liparitinus<
501 1398 582 1479 βουλὴ
599 1399 657 1476 μέγ’
673 1397 794 1475 ἀμείνων·
810 1402 826 1468 ἡ
841 1398 868 1456 δὲ
884 1406 978 1477 ταχεῖα

270 1500 272 1505 ’
328 1486 382 1546 αἰέν
399 1488 562 1568 ἐφελκομένη
576 1485 625 1558 τὴν
641 1487 782 1564 μετάνοιαν
798 1485 863 1564 ἔχει.

548 1639 595 1689 38.
618 1628 807 1689 ΤΙΜΩΝΟΣ.

287 1770 358 1852 Ὦρη
375 1774 447 1850 ἐρᾷν,
463 1769 518 1848 ὥρη
534 1769 560 1828 δὲ
573 1776 679 1846 γαμεῖν,
692 1767 748 1849 ὥρη
764 1766 791 1826 δέ
807 1770 966 1826 πεπαῦσθαι.

569 1915 613 1965 39.
633 1916 773 1966 ΑΔΗΛΟΝ.

288 2042 428 2120 Θησαυρὸς
447 2040 528 2118 μέγας
542 2041 596 2099 ἔστ’
611 2041 706 2119 ἇγαθθς
717 2040 806 2120 φίλος,
818 2037 978 2119 Ἧλιόθιορε,

329 2135 366 2218 τῷ
381 2131 426 2189 καὶ
440 2135 554 2212 τηρῆσαι
570 2135 659 2189 τοῦτον
676 2127 855 2211 ἐπισταμένῳ.

571 2284 616 2335 40.
638 2287 776 2332 ΑΔΗΔΟΝ.

290 2412 334 2482 Μή
349 2435 412 2469 ποτε
424 2469 431 2489 ,
446 2409 637 2488 τὸνποιρεόντσ
651 2411 743 2492 παρεὶς
755 2410 841 2490 φίλον,
856 2410 935 2470 ἄλλον
948 2409 1057 2489 ἐρεύνα,

329 2502 420 2558 δειλῶν
436 2499 579 2580 ἀνθρώπων
593 2500 693 2585 ρήμασι
710 2501 868 2576 πειθόμενος.

527 2653 574 2703 tl.
599 2643 832 2704 ΛΟΥΚΙΑΝΟΥ.

289 2782 405 2851 Πλοῦτος
419 2786 433 2847 ὁ
447 2786 492 2854 τῆς
506 2784 592 2864 ψυχῆς
606 2784 716 2848 πλοῦτος
731 2784 808 2860 μόνος
822 2782 891 2847 ἐστίν
906 2781 1019 2856 ἀληθής·

327 2871 414 2932 τᾶλλα
430 2870 453 2927 δ’
466 2869 520 2948 ἔχει
534 2873 619 2945 λύπην
635 2873 743 2932 πλείονα
757 2877 810 2933 τῶν
824 2871 950 2935 κτείνων.

289 2960 342 3020 Tan
358 2958 384 3016 δέ
399 2959 575 3018 πολυκτέανον
590 2962 635 3019 καὶ
648 2959 772 3020 πλούσιον
785 2960 840 3019 ἔστι
853 2960 953 3020 δίκαιον

328 3049 444 3126 κλῄζειν,
459 3049 486 3117 ὃς
500 3054 616 3129 χρῆσθαι
627 3052 680 3114 τοῖς
695 3053 800 3128 ἀγαθοῖς
815 3052 934 3108 δύναται.

290 3140 323 3198 lit
335 3137 363 3195 δέ
378 3161 416 3204 τις
431 3141 456 3203 ἐν
471 3137 568 3218 ψήφοις
580 3137 772 3208 αατατήιιιται,
785 3138 864 3197 ἄλλον
879 3135 921 3194 ίπ’
937 3136 1009 3213 ἄλλῳ

327 3225 451 3305 σωρεύειν
465 3226 516 3287 αἰεὶ
530 3228 644 3285 πλοῦτον
659 3225 840 3305 έπειγόμενσς,

288 3303 359 3378 οὗτος
376 3313 454 3375 ὁποῖα
468 3312 583 3391 μέλισσα
595 3311 766 3391 πολυτρήτοις
781 3312 817 3372 ε’νὶ
830 3309 950 3389 σίμθλοις

328 3402 476 3484 pepticas,
493 3401 588 3484 ἑτέρων
607 3402 787 3482 δριπτομένιον
801 3401 832 3464 τὸ
847 3401 917 3477 μίλι.

553 3549 598 3597 42.
618 3551 677 3596 ΤΟΥ
695 3551 801 3596 ΑΥΤΟΥ.

289 3682 421 3766 Ἀρρήτιον
436 3685 519 3743 iarius
533 3685 642 3765 γλώσσῃ
657 3684 767 3767 σφραγίς
781 3683 934 3742 incantato·

327 3777 456 3851 κρείσσων
470 3774 522 3854 γὰρ
537 3773 625 3852 μύθων
640 3772 657 3845 ἦ
673 3775 788 3832 κτεάνων
803 3772 917 3853 φυλακή.

1144 1155 1173 1203 ut
1186 1152 1339 1214 amicumin
1354 1151 1402 1204 boa
1409 1152 1466 1216 plus
1478 1150 1601 1204 laedimur.

1397 1279 1434 1326 37.
1457 1283 1605 1327 EJUSDEM.

1113 1395 1290 1461 Tardigradum
1301 1394 1429 1446 conabum
1438 1395 1517 1445 multo
1526 1395 1627 1453 melium
1643 1396 1712 1447 velox
1725 1401 1812 1453 autern

1144 1499 1222 1550 usque
1233 1484 1430 1536 trahens-secum
1443 1483 1614 1548 prenitentlam
1627 1484 1710 1536 habet.

1406 1628 1444 1674 38.
1462 1626 1602 1674 Timonis,

1115 1763 1182 1812 llcra
1192 1755 1345 1814 cstamaudi,
1358 1755 1418 1805 bora
1428 1752 1681 1818 rcnjuqiolungendi,
1695 1755 1757 1809 bora
1773 1768 1895 1819 mmm,-

1402 1897 1441 1944 39·
1470 1903 1608 1946 iltcml.

1114 2039 1253 2090 lbesaurus
1264 2038 1349 2102 ingens
1359 2038 1398 2086 est
1409 2035 1489 2086 θοιιιιο
1501 2034 1609 2097 amicus,
1622 2052 1638 2088 o
1651 2038 1800 2105 Heliodoro,

1145 2127 1169 2177 ci
1181 2126 1266 2190 utique
1279 2124 1322 2188 qui
1334 2123 1441 2175 retinere
1453 2124 1520 2174 trunc
1532 2125 1609 2176 norit.

1401 2271 1442 2319 40.
1464 2278 1607 2323 lucebat.

1115 2413 1252 2472 Nunquam,
1266 2411 1413 2473 praesentem
1426 2407 1555 2460 dimittens
1566 2411 1685 2474 amiciam,
1696 2412 1775 2466 alium
1788 2431 1892 2486 φαωη,

1146 2496 1310 2560 impmborum
1323 2494 1449 2549 hominum
1463 2495 1547 2547 verbis
1560 2497 1702 2552 obsecutus.

1407 2651 1447 2699 41.
1464 2648 1605 2701 auolant.

1115 2789 1255 2843 ‘thesaurus
1266 2787 1340 2841 animi
1352 2789 1484 2841 thesaurus
1495 2790 1564 2840 solus
1576 2793 1616 2841 est
1627 2805 1759 2856 gennadus
1771 2814 1779 2847 ι

1146 2879 1227 2927 cetera
1240 2888 1298 2926 reru
1307 2873 1398 2927 babent
1406 2877 1462 2940 plus
1471 2876 1539 2927 tedii
1550 2891 1627 2943 quam
1635 2893 1719 2947 sputo.

1115 2965 1262 3029 Opolentum
1276 2967 1358 3014 autem
1370 2964 1437 3014 bunc
1446 2969 1471 3017 ct
1485 2965 1589 3017 divitem
1601 2968 1638 3019 las
1648 2973 1687 3020 est

1145 3066 1249 3113 vocare,
1264 3054 1306 3115 qui
1319 3053 1355 3104 uti
1368 3053 1421 3103 suis
1432 3053 1504 3105 bonis
1514 3055 1590 3106 valet.

1114 3140 1162 3191 sed
1171 3139 1192 3191 ai
1202 3140 1258 3208 quis
1267 3140 1292 3190 in
1305 3139 1405 3191 calculis
1414 3141 1582 3204 contabescit,
1592 3144 1668 3197 olium
1681 3160 1757 3214 super
1766 3152 1845 3208 alium

1146 3229 1273 3282 adstruere
1284 3243 1381 3295 semper
1392 3230 1538 3285 thesaurum
1551 3247 1701 3301 emperors,

1115 3317 1155 3367 liic
1168 3321 1285 3384 tanquam
1300 3320 1353 3385 apis
1366 3321 1614 3388 multum-perlucetis
1625 3325 1650 3376 in
1663 3326 1808 3384 alvearibus

1145 3405 1296 3467 elaborabit,
1310 3407 1363 3459 aliis
1375 3409 1545 3475 colligentibus
1556 3415 1613 3467 mel.

1400 3555 1440 3605 4².
1463 3566 1615 3611 attrabatas.

1117 3694 1267 3745 arcanorum
1277 3691 1410 3743 rerbomm
1421 3692 1514 3758 lingue
1524 3695 1632 3762 undum
1643 3697 1838 3766 alt-impositum
1854 3729 1859 3758 :

1147 3779 1233 3830 melior
1245 3779 1308 3830 enim
1323 3792 1466 3833 sermonum
1481 3798 1557 3848 quarn
1569 3784 1712 3841 diuturnam
1724 3795 1842 3852 custodia

297 3891 1892 3929 mm*

288 3945 311 3995 Si
325 3962 392 3995 accurs
405 3946 516 3995 acciderit
524 3980 531 4007 ,
539 3947 589 4010 jam
600 3945 681 3994 nuilus
692 3944 795 4005 amicus,
805 3953 830 3994 et
842 3944 921 3994 laertes

322 4029 434 4094 Undique
447 4045 453 4079 :
464 4031 576 4078 Fortuna
591 4036 671 4081 metus
681 4035 706 4079 et
719 4026 764 4079 ista
778 4026 862 4077 trahit

587 4140 628 4188 36.
651 4154 768 4189 ιιοιοειιι.

289 4250 371 4300 Rebus
385 4250 409 4298 in
423 4247 531 4297 irornanis
545 4248 607 4298 nibil
619 4256 655 4299 est
667 4247 787 4298 crudelius
802 4246 861 4307 illo,

322 4335 369 4398 Qun
384 4335 428 4383 sul)
443 4350 543 4401 parsurm
556 4332 618 4382 saliit
632 4333 752 4383 amicilia.

290 4422 349 4470 Num
365 4419 420 4484 quia
433 4418 509 4484 ¹securi
522 4435 565 4467 nus
578 4434 625 4467 non
638 4425 665 4467 ut
680 4416 711 4466 ab
723 4416 792 4466 boste
805 4425 909 4474 tuemur,

324 4505 362 4552 llis
373 4513 441 4551 nocet
451 4539 458 4563 ,
468 4511 539 4568 atque
552 4501 659 4551 habitam
672 4501 745 4551 vertit
759 4501 784 4550 in
796 4516 862 4550 arma
876 4500 955 4549 sidem.

587 4615 627 4672 37.
646 4628 766 4662 reusneri.

290 4721 420 4773 Consilium
430 4720 515 4770 melius
527 4721 591 4788 quod
604 4722 670 4771 tarde
682 4720 784 4771 sumitur
793 4733 801 4770 t
811 4719 871 4769 illud

324 4804 395 4868 Quod
409 4812 522 4870 properat
534 4813 586 4870 post
598 4820 624 4854 se
637 4805 773 4871 paenituisse
783 4802 868 4853 trabit.

545 4929 556 4945 ι
577 4915 618 4963 38.
638 4913 785 4979 [sturmin]

290 5028 408 5093 Tempore
421 5039 485 5080 ama,
503 5033 600 5088 nuptam
613 5026 657 5074 dire
673 5035 793 5091 tempore,
806 5034 914 5091 tempore
929 5041 1002 5076 cessa.

596 5138 636 5199 sq.
658 5152 769 5185 sacrari.

293 5251 379 5304 Nullus
389 5248 514 5300 thesaurus
523 5249 682 5316 petulantior,
692 5251 838 5311 lleliudcm.

1148 3949 1240 4008 Quam,
1257 3944 1318 3993 bene
1333 3947 1351 3994 si
1365 3963 1461 4009 serres,
1474 3948 1535 4000 fidus
1548 3949 1636 4002 amicus
1648 3953 1705 4007 erit.
1803 3963 1809 3972 '

1421 4049 1461 4098 ac.
1481 4059 1592 4095 rrcrsrr.

1116 4132 1145 4178 Ut
1161 4146 1251 4195 quaeras
1265 4131 1338 4182 alicam
1350 4135 1440 4185 ueteris
1451 4136 1559 4189 desertor
1567 4137 1652 4199 emim,

1150 4219 1263 4281 lnrpetret
1276 4214 1322 4265 boc
1337 4236 1349 4267 u
1366 4230 1389 4269 to
1404 4238 1435 4271 ne
1451 4224 1513 4272 nrala
1527 4223 1619 4293 lingua,
1632 4240 1699 4273 care.

1415 4329 1455 4372 qr.
1477 4334 1592 4368 nucrarcl.

1115 4399 1215 4449 Diuitias
1229 4403 1301 4452 animi
1314 4405 1377 4454 aclas
1389 4406 1436 4457 hcc
1451 4410 1549 4460 numiano
1564 4411 1645 4477 dignas

1147 4486 1202 4533 Fsse
1213 4495 1269 4550 puta
1286 4502 1292 4536 :
1308 4504 1393 4539 census
1403 4493 1433 4540 ad
1446 4493 1509 4544 bena
1522 4504 1587 4545 tanta
1601 4493 1670 4543 nihil.

1115 4566 1159 4614 llle
1171 4566 1230 4617 milri
1243 4569 1340 4619 demum
1353 4573 1462 4642 locuples
1474 4578 1589 4644 divesque
1603 4587 1711 4639 uocetur,

1148 4653 1196 4716 Qui
1206 4656 1324 4721 διηιενιλιιι
1335 4660 1401 4711 norit
1412 4664 1583 4717 commoditate
1594 4663 1651 4714 isui.

1114 4738 1199 4802 Atqui
1212 4749 1355 4805 perpetuum
1368 4748 1520 4799 numeranda
1533 4748 1606 4814 psallet
1618 4746 1643 4799 in
1654 4762 1715 4811 ατε,
1780 4738 1783 4742 Δ

1148 4826 1229 4885 arque
1240 4823 1298 4873 alias
1307 4826 1361 4875 aliis
1372 4844 1466 4895 semper
1479 4842 1573 4881 acervat
1585 4848 1657 4897 opes,

1114 4905 1177 4953 'salis
1187 4906 1247 4968 erit,
1258 4911 1339 4973 quales
1350 4929 1394 4979 per
1406 4932 1475 4966 cerea
1488 4925 1564 4967 castra
1575 4916 1698 4978 laborant,
1724 4949 1727 4955 ·

1148 4990 1186 5039 Sir
1197 5003 1223 5043 ut
1232 5009 1282 5043 non
1294 4997 1350 5062 ipsas
1362 5002 1435 5050 melle
1450 5001 1570 5065 leuantur,
1584 5019 1648 5070 apes·

1417 5103 1458 5152 aa.
1479 5114 1597 5146 asnsnan.

1116 5174 1173 5234 llis,
1185 5192 1236 5241 qum
1250 5178 1313 5230 dicta
1327 5197 1427 5243 necarit,
1440 5188 1547 5255 linguam
1558 5189 1602 5239 libi
1613 5202 1676 5252 {³0⁰0
1684 5184 1801 5248 θίθίίίῦωι

1149 5258 1204 5306 Plus
1217 5277 1300 5328 voees,
1311 5265 1391 5318 minus
1403 5281 1440 5323 est
1451 5288 1490 5324 res
1502 5274 1607 5326 retinere
1617 5285 1679 5326 suar·
