3810 5910
212 362 251 419 ii
772 372 1026 434 auuuouomm
1048 374 1250 457 usuarium

171 527 181 562 ς
210 492 322 570 δαίμονα
337 499 360 554 δ’
373 497 495 569 ἀλλήλοιν
509 503 669 580 ἠμείψαμεν·
685 509 701 576 ἡ
717 503 764 579 μέν
782 506 878 565 ἐκείνου

249 585 319 664 χθὼν
332 587 393 663 ἐμὲ,
406 588 451 646 τὸν
465 591 486 646 δ’
501 589 552 649 άπὸ
566 596 612 668 γῆς
624 590 716 650 ἔκτανε
731 594 826 668 τούμὸν
841 597 921 673 ὕδωρ.

455 745 522 796 223.
545 737 748 800 ΒΙΛΝΟΙὊΣ.

209 876 343 955 Ἀγγελίην
354 876 409 956 πάρ
423 877 507 949 Ζηνὸς
520 880 576 938 ἐπεὶ
593 880 667 959 φέρεν
685 883 819 959 ἠεροθίνης

250 963 352 1035 αἰετὸς,
365 969 463 1025 οἰωνῶν
477 972 570 1042 μοῦνος
583 969 737 1046 ἓνουράνιος,

208 1056 253 1111 οὐκ
266 1053 331 1132 ἔφθη
347 1052 390 1111 τὸν
402 1056 504 1132 Κρῆτα
521 1055 582 1125 θοὴν
596 1057 617 1113 θ’
630 1056 779 1118 ε’πετείνατο
792 1058 896 1138 νευρὴν,

246 1143 343 1213 πτηνὸν
359 1144 381 1199 θ’
395 1143 536 1225 θπτερόεις
548 1147 584 1210 ἰὸς
600 1142 747 1216 έλεηίσατο.

207 1231 290 1302 Ζηνὸς
305 1232 328 1288 δ’
344 1231 496 1306 arietillum
510 1235 600 1292 ἔλαθεν
618 1236 704 1311 μόνος·
717 1235 816 1309 ἔμπεσε
831 1237 853 1296 θ’
867 1237 936 1316 ὄρνις

247 1321 339 1398 ἀνδρί,
354 1321 387 1380 τά
402 1321 426 1380 θ’
448 1323 585 1402 εθστοχίης
600 1323 757 1382 ἀνταπέτισε
771 1327 846 1403 βέλη.

209 1412 303 1489 Λύχένι
317 1412 341 1470 δ’
352 1413 391 1472 tio
402 1409 512 1485 ἔπηξεν,
524 1413 553 1471 θν
567 1411 651 1484 ἥπατι
666 1412 784 1488 κοίμισεν
801 1413 885 1481 αὐτός·

246 1498 273 1555 ἓν
287 1499 313 1558 δὲ
328 1498 403 1579 βέλος
418 1498 518 1558 δισσῶν
526 1492 584 1578 αἷμ’
596 1501 668 1560 ἔπιεν
679 1500 809 1562 θανάτων.

419 1651 489 1703 224.
513 1644 767 1706 ΚΡΙΝΑΓΟΡΟΥ.

205 1775 274 1864 alpi
288 1807 321 1860 με
334 1784 381 1856 τὴν
392 1783 509 1856 εὔθηλον,
524 1783 592 1845 ὅσων
607 1787 729 1846 ἐκένωσεν
744 1790 872 1866 ιἰμολγεθς

242 1871 341 1932 οὔθατα
353 1874 463 1932 πασάων
476 1877 771 1953 πουλυγαλακτοτάτηυ,

204 1963 381 2040 γευσάμενος,
396 1963 515 2036 μελιηδὲς
527 1964 585 2022 ἐπεί
597 1967 620 2022 τ’
635 1964 787 2045 ἐφράσσατο
796 1975 862 2046 πῖαρ

246 2054 363 2132 Καῖσαρ,
380 2055 429 2122 κήν
444 2053 536 2124 νηυσίν
547 2053 681 2128 σύμπλουν
697 2056 848 2134 εἰργάσατο.

203 2137 279 2208 “illm
293 2141 316 2198 δ’
324 2141 419 2200 αὐτίκα
430 2164 481 2199 που
496 2142 541 2200 καὶ
554 2144 578 2208 ές
589 2143 707 2224 ἀστέρας·
725 2136 808 2225 ᾧγθιρ
821 2146 933 2227 ἐπέσχον

244 2228 325 2305 μαζὸν
336 2230 414 2307 ἐμὸν,
427 2229 508 2306 μείων
521 2231 573 2289 οὐδ’
587 2229 647 2290 ὅσον
664 2233 800 2311 Αίγιόχου.

443 2388 510 2438 225.
534 2380 722 2441 ΟΝΙίΣΤΟΥ.

203 2522 314 2590 Ἀσωπίς
330 2524 412 2604 κρήνη
431 2524 475 2580 καί
487 2522 626 2599 Πηγασλς,
645 2520 719 2580 ὕδατ’
735 2521 851 2604 ἀδελφὰ,

241 2611 323 2671 ἵππου
338 2611 382 2670 καί
394 2617 514 2687 ποταμοῦ
526 2611 597 2690 δῶρα
611 2611 784 2691 ποδορραγέα·

202 2705 244 2783 χέε
255 2703 301 2779 μὲν
314 2703 387 2783 έκοψ’
398 2700 553 2771 Ἑλικῶνος,
569 2704 583 2759 ὁ
596 2700 623 2758 δέ
638 2700 736 2781 φλέὸας
749 2700 942 2780 Ἀκροκορίνθου

243 2791 343 2864 έπληξ’.
358 2789 398 2850 Ὢ
414 2787 527 2867 πτέρνης
540 2792 576 2855 είς
588 2788 644 2847 ἴσον
657 2788 796 2866 εθστοχίηί

373 2943 439 2994 226.
461 2932 561 2993 ΖίλΝΑ
584 2932 812 2992 ΣΑΡΔΙΛΝΟΥ.

202 3080 237 3136 Al
251 3079 272 3135 θ’
285 3078 361 3156 ἄγετε
375 3075 462 3144 ξουθαί
477 3072 632 3150 σιμθληίδες
644 3074 712 3152 ἄκρα
728 3073 850 3149 μέλισσαι

240 3163 391 3249 φέρθεσθῆ
408 3168 420 3189 '
435 3164 536 3240 θυμέων
551 3163 625 3244 ῥικνθι
638 3164 801 3241 περικνθια,

201 3255 217 3326 ἢ
234 3254 348 3319 πετάλοις
364 3254 497 3330 μάκωνος,
512 3252 529 3324 ἢ
543 3251 727 3331 άσταριθέτιδα
738 3255 826 3331 ρῶγα,

241 3346 258 3414 ἢ
272 3343 325 3415 ἴον,
339 3342 356 3414 ἣ
373 3343 463 3419 μάλων
475 3347 553 3422 χνοῦν
571 3340 763 3418 ἐπικαρπίθιον·

201 3431 285 3491 πάντα
302 3431 497 3508 περικνίξασθε,
511 3430 555 3489 καί
573 3431 657 3508 άγγεα
669 3428 838 3509 κηράνσασθε,

240 3521 306 3600 lippa
322 3520 491 3596 petracorio<
507 3518 566 3581 Πίιν
579 3517 744 3601 ἐπικυψίλιος

201 3610 327 3688 γεύσηται
340 3610 369 3669 τὸ
383 3611 429 3685 μὲν
446 3610 540 3681 αὐτὸς,
556 3613 570 3666 θ
585 3608 612 3667 il
631 3609 780 3688 βλιστηρίθι
792 3608 862 3687 χειρί

240 3698 380 3764 καπνώσας
396 3698 474 3778 βαιὴν
488 3696 573 3776 κῦμμι
592 3697 656 3776 λίπῃ
677 3698 781 3778 μερίδα.

201 3924 305 3973 Mutavit
317 3922 414 3972 lortuna
426 3922 506 3986 vices,
517 3938 618 3986 meaque
629 3921 712 3971 attulit
727 3921 763 3970 illi

233 4008 318 4068 Unda,
329 4005 387 4056 milri
403 4006 487 4068 tellus,
499 4021 537 4054 res
549 4006 626 4054 aliena
637 4043 643 4065 ‚
656 4022 749 4056 necem.

498 4171 555 4219 συθ.
570 4186 690 4219 ιικιιοιιιε.

201 4328 287 4382 Nescio
303 4343 360 4392 ηυιε
373 4326 486 4392 superiim
501 4322 591 4373 domiui
602 4325 712 4373 mandata
724 4323 828 4383 ierelmt,

234 4417 293 4476 Quae
302 4419 394 4459 secreta
409 4409 459 4475 poli
472 4408 524 4457 sola
537 4417 646 4474 pererrat
657 4408 716 4456 auis.

201 4499 279 4547 Velox
292 4496 348 4556 llla;
359 4494 400 4544 sed
411 4503 446 4542 est
459 4491 535 4545 Cretls
549 4491 654 4540 velocior
667 4507 749 4545 arcus:

235 4583 299 4637 Alite
312 4584 341 4632 de
353 4583 402 4632 telo
420 4597 468 4646 quio
480 4579 548 4628 oadal
560 4572 609 4627 ales¹
622 4576 706 4626 habet.

200 4670 246 4720 Sed
257 4672 347 4735 justum
359 4674 426 4734 putei
440 4681 490 4715 esse
499 4667 598 4724 Jovem3
609 4678 712 4726 namque
721 4661 770 4710 ales
785 4661 808 4709 ia
824 4660 900 4726 ipsum

235 4753 344 4814 Decidit,
355 4761 380 4800 et
397 4758 510 4814 repetunt
522 4748 621 4796 vulnera
635 4746 702 4794 atissa
717 4746 804 4795 rimam.

201 4833 340 4884 Visceribus
352 4831 455 4882 volueris
469 4830 538 4890 tulit,
554 4844 641 4894 auceps
653 4828 751 4876 vulnera
767 4827 844 4888 eollo,

235 4923 336 4984 Unaque
347 4917 378 4967 de
392 4916 485 4982 gemina
504 4924 583 4962 morte
594 4912 679 4977 sagitta
691 4912 783 4962 madet.

481 5065 539 5113 eat.
558 5069 716 5104 caraaooun.

182 5228 185 5234 '
204 5215 283 5266 libere
301 5223 450 5282 praestantem
462 5248 469 5272 ‚
483 5211 545 5278 pluit
558 5210 583 5259 iu
596 5208 730 5258 mulctralia
742 5205 780 5256 eui
794 5220 844 5254 nou

1033 517 1059 565 et
1069 514 1205 567 demonem
1218 517 1341 568 inter-aus
1353 519 1548 582 permutavimus
1563 535 1569 566 τ
1584 519 1650 572 illius
1659 521 1758 585 quidem

1064 605 1139 654 tellus
1152 615 1201 664 me,
1211 608 1354 655 terrestrem
1365 619 1424 656 vero
1432 607 1523 657 ooeiuit
1536 620 1592 658 mea
1605 622 1677 672 aqua.

1312 769 1367 815 223.
1385 767 1534 816 Biaiioiils.

1033 906 1153 957 liuueium
1165 909 1250 959 amm
1259 922 1335 971 quum
1346 909 1423 958 terret
1432 907 1521 957 iuuere
1526 920 1690 972 ·gyme›ageus

1063 994 1160 1058 aquila,
1173 996 1254 1047 avium
1265 995 1480 1056 soiaooeliiuoola,
1558 994 1681 1060 [intendit
1694 1010 1811 1050 nervum.
1866 984 1869 997 '

1032 1098 1079 1134 aon
1097 1084 1230 1135 antevertit
1245 1086 1386 1136 Cretensem
1395 1085 1580 1146 saqittoriumr
1597 1083 1711 1145 velocem
1722 1084 1772 1134 sed
1791 1088 1812 1134 is

1063 1170 1237 1234 volucremque
1252 1171 1315 1220 aluta
1329 1171 1417 1231 sagitta
1434 1171 1649 1234 predam-imbuit.

1030 1257 1812 1322 lorisveroneutiquamjustitiamielellitsolus:sedinriiitavis

1062 1347 1128 1406 viro,
1143 1349 1168 1397 et
1179 1344 1222 1396 ίιίσ
1231 1348 1408 1396 sertio-mauus
1417 1346 1526 1410 expiavit
1539 1346 1652 1397 missilia.
1720 1347 1791 1412 [ipse
1805 1369 1810 1398 :

1031 1434 1291 1486 Colloautemcudms
1301 1435 1413 1499 sagittam
1424 1434 1514 1494 inivit,
1527 1447 1602 1497 quum
1610 1433 1682 1485 mrtle
1690 1436 1812 1499 sopiverit

1061 1535 1186 1586 unumque
1201 1521 1292 1573 missile
1304 1521 1418 1571 binorum
1428 1520 1572 1585 sanguinem
1587 1519 1781 1573 bibitionemm.

1283 1662 1339 1709 iii.
1362 1658 1560 1708 (llllNAGOllAE.

1030 1803 1134 1867 capram
1143 1814 1183 1851 me
1193 1813 1370 1862 mammosam,
1380 1812 1592 1863 quarumcumque
1605 1800 1721 1852 exhausit
1729 1805 1812 1864 pastor

1061 1889 1374 1942 uberaexoumilmsluctis
1388 1887 1547 1947 uberrimum,
1628 1887 1812 1952 [animadvertit

1029 1976 1294 2044 postquam-gustavit,
1308 1980 1333 2026 et
1345 1974 1589 2026 dulcedinis-mellea
1602 1976 1783 2027 liorem-laticis

1060 2069 1151 2127 cesar,
1162 2065 1237 2114 etium
1247 2064 1272 2113 in
1283 2062 1387 2112 mribus
1396 2061 1633 2126 sociam-navigandi
1648 2062 1713 2114 feeit

1029 2156 1074 2208 ibo
1084 2159 1167 2206 autem
1181 2157 1274 2218 postea,
1287 2151 1385 2215 opinor,
1399 2154 1426 2200 et
1440 2150 1465 2199 in
1479 2153 1553 2202 astra.
1566 2150 1614 2201 (lui
1626 2150 1691 2201 enim
1704 2151 1798 2214 prebui

1060 2257 1193 2295 mammam
1205 2255 1301 2300 meam,
1314 2239 1393 2289 minor
1407 2251 1451 2290 neo
1462 2239 1587 2290 tantillum
1602 2242 1640 2289 est
1653 2238 1780 2302 AEgiooho.

1312 2405 1365 2447 225.
1384 2397 1522 2446 ONESTAE.

1029 2539 1136 2602 Asopius
1154 2536 1208 2585 lons
1220 2537 1246 2584 et
1256 2533 1386 2598 pegasius,
1401 2531 1487 2583 latites
1500 2531 1609 2592 iratemi,

1057 2627 1118 2675 sunt
1130 2623 1188 2688 equi
1201 2624 1227 2673 et
1239 2621 1306 2672 iuril
1315 2621 1380 2671 done
1392 2620 1558 2685 pede-rupta;

1027 2717 1053 2765 et
1058 2714 1100 2764 ille
1111 2711 1211 2777 quidem
1221 2710 1288 2762 ieriit
1295 2708 1427 2771 neironis,
1437 2707 1479 2759 hio
1489 2721 1547 2759 vero
1555 2720 1631 2758 renas
1643 2706 1811 2758 aemmriatii

1060 2800 1166 2866 impulit.
1182 2798 1256 2850 Oleli
1267 2799 1389 2863 aequalem
1400 2796 1590 2848 dexteritatem!

1181 3019 1186 3039 Ι
1250 2952 1304 2996 tio.
1322 2944 1412 2993 ZONAE
1428 2942 1582 2991 stultiam.

1031 3088 1071 3138 Eia
1083 3100 1127 3136 vos
1140 3085 1221 3149 agite.
1238 3085 1308 3132 liturus
1320 3079 1455 3130 alvearium
1464 3092 1536 3142 apes,
1549 3091 1648 3130 summa

1058 3173 1181 3238 deposcite
1193 3174 1237 3222 aut
1248 3170 1391 3233 turmarum
1404 3181 1492 3231 rugosa
1507 3170 1532 3218 et
1541 3170 1614 3217 acuta
1627 3167 1672 3231 (i),

1027 3268 1071 3315 aut
1085 3263 1142 3313 lolia
1155 3262 1283 3326 papaueris
1295 3298 1301 3320 ,
1315 3260 1358 3309 aut
1374 3270 1518 3322 passmuvua
1531 3257 1624 3317 acinos,

1058 3356 1103 3403 aut
1111 3351 1216 3410 violam,
1230 3351 1274 3398 aut
1283 3347 1404 3397 mulorum
1412 3344 1553 3410 lanuginem
1566 3343 1809 3394 fructibus-insidea-

1026 3443 1115 3492 euncta
1128 3434 1315 3498 circumrodite,
1327 3437 1353 3486 et
1363 3447 1424 3485 vasu
1433 3431 1630 3492 cera-obducite,
1725 3430 1792 3494 [tem
1803 3445 1808 3473 2

1059 3533 1087 3580 ut
1096 3529 1276 3592 apum-curator
1287 3528 1336 3574 Pau
1351 3521 1587 3584 alvearium-preses

1026 3619 1108 3682 pretet
1121 3614 1167 3664 hoe
1180 3612 1280 3677 quidem
1293 3611 1359 3674 ipse,
1372 3613 1427 3659 tum
1435 3621 1494 3658 vero
1507 3603 1660 3668 fumigatrioe
1674 3616 1749 3652 murm

1058 3701 1246 3754 exuuio-lamo
1260 3710 1360 3762 parvam
1374 3696 1400 3744 et
1415 3693 1486 3743 uobis
1505 3691 1625 3754 relinquat
1637 3692 1741 3754 partem.

1004 3892 1008 3990 ί
1062 3919 1146 3967 Altera
1165 3925 1212 3964 tum
1225 3913 1301 3960 ιιιιιίίο
1311 3911 1372 3958 laete
1383 3908 1510 3970 bonoque.
1526 3919 1632 3970 capram,

1004 3996 1006 4008 ¹
1029 3998 1141 4051 Melliflui
1157 3996 1271 4060 Princeps
1284 4000 1396 4057 expertus
1408 3989 1471 4038 dona
1486 3974 1586 4052 liquoris

1003 4091 1007 4139 ί
1061 4087 1097 4134 Eu
1110 4083 1192 4149 pelago
1207 4078 1319 4128 comitem
1330 4073 1443 4139 mejubei
1458 4071 1493 4120 ire
1505 4069 1561 4119 sibi.

1029 4171 1112 4216 ilesiat
1122 4175 1149 4214 ut
1158 4165 1204 4214 alta
1220 4170 1301 4228 petam
1311 4172 1406 4223 quoque
1417 4156 1513 4216 sidem
1530 4168 1586 4202 nam
1598 4151 1637 4202 eui
1650 4165 1778 4199 mamaeam

1003 4276 1007 4388 γ
1062 4249 1175 4305 Prelieo,
1189 4243 1278 4294 celesti
1289 4257 1338 4290 nou
1350 4238 1430 4287 minor
1443 4237 1484 4285 ille
1494 4239 1554 4286 Jove
1566 4242 1611 4286 eat.

1003 4389 1007 4479 γ
1279 4373 1336 4420 auti.
1350 4386 1418 4418 roure
1430 4360 1558 4416 suaniam.

1003 4511 1006 4538 ¹
1029 4513 1121 4578 Pelagius
1134 4508 1250 4559 mellificat
1259 4506 1296 4554 vel
1305 4519 1397 4554 summa
1409 4501 1532 4550 saciamina
1545 4499 1632 4548 florum

1062 4599 1181 4661 Carpere,
1192 4591 1229 4640 vel
1243 4603 1335 4638 ramum
1348 4585 1378 4634 de
1391 4584 1452 4633 bene
1463 4584 1544 4631 olente
1555 4580 1654 4646 thymo,

1030 4679 1075 4727 Vel
1087 4678 1161 4727 eleros
1174 4674 1270 4727 acinos,
1285 4670 1322 4718 vel
1331 4669 1378 4718 laia
1394 4666 1477 4715 lronde.
1489 4680 1603 4731 papaver,

1062 4764 1112 4810 Aut
1123 4761 1176 4808 leve
1184 4755 1247 4820 quud
1258 4751 1333 4819 pomis
1343 4749 1448 4810 eminet,
1462 4757 1502 4796 aut
1516 4747 1591 4794 riolos
1603 4761 1609 4794 ε

1029 4845 1116 4896 Omnia
1129 4848 1251 4909 pascentes
1265 4836 1363 4902 implete
1370 4832 1505 4898 liquoribus
1517 4831 1612 4891 alveos,

1063 4930 1097 4977 lli
1112 4931 1171 4985 Pau,
1183 4941 1197 4971 a
1210 4921 1276 4970 robis
1285 4917 1327 4985 qul
1342 4916 1403 4965 aiala
1418 4914 1496 4980 pellit,
1510 4928 1579 4978 apes,

1029 5017 1082 5078 ipse
1093 5010 1138 5059 sibi
1152 5016 1239 5073 gustet,
1251 5019 1305 5053 eiam
1320 5002 1386 5050 litum
1399 5007 1483 5047 metere
1493 4997 1578 5058 tollat,

1062 5095 1098 5146 Sit
1112 5105 1190 5142 tamen
1203 5099 1229 5140 ut
1239 5089 1306 5138 robis
1319 5101 1372 5154 pars
1387 5089 1555 5147 quiotaeuuque
1565 5096 1645 5146 super.
