3810 5910
577 396 702 457 CAPUT
723 398 772 457 1x.
796 344 1075 458 uetunnttttnin
1096 401 1429 481 nunonsunnutvn.

236 527 331 584 αὐτίκα
347 534 403 594 ταῖς
418 528 509 592 αὐταῖς
523 528 637 609 ίτρίριτ“
649 532 675 587 ἐν
689 530 832 602 δαπάναις,
1052 542 1116 590 illino
1129 543 1216 592 iisdem
1231 544 1375 595 versabatur
1387 546 1411 594 in
1425 547 1553 610 impensis,

195 613 291 688 γαστρί
305 611 476 692 χαριζόμενος
489 623 579 672 πᾶσαν
593 616 671 694 χάριν
687 618 716 675 ού
731 616 799 674 κατὰ
819 616 938 694 κόσμον,
1023 629 1100 679 ventri
1112 631 1251 694 grutitioens
1263 646 1362 683 omnem
1373 636 1475 697 gratiam
1490 649 1538 684 non
1553 636 1675 697 decenter,

146 716 168 753 io
235 707 267 776 τῇ
282 702 304 759 θ’
316 702 367 760 ὑπὸ
381 701 430 772 τὴν
446 704 543 783 μιαρὰν
558 706 673 781 γαστέρα
689 704 849 784 μαργοσύνῃ.
1051 723 1076 768 et
1090 719 1124 768 iiii
1136 720 1183 769 sub
1196 721 1294 784 impuro
1308 727 1392 772 neutro
1407 723 1535 774 ssinoiteti.

194 788 288 855 Ούτως
303 786 351 866 μίν
364 790 481 869 Θήρωνα
495 790 525 850 τό
539 791 656 870 δεύτερον
672 793 856 874 ἀμφεκάλυψεν
1021 807 1172 870 sicquidem
1185 807 1322 858 Thomnem
1336 809 1426 860 iterum
1441 809 1524 860 obruit

234 875 377 952 οὐλομένης
390 877 479 949 πενίης
491 884 563 954 κῦμα
579 882 755 962 παλιρρόθιον.
1052 894 1155 946 innostro
1164 898 1315 961 paupertatis
1328 897 1417 948 lluotus
1429 898 1529 948 refluus.

197 966 348 1042 Εὐκτήμων
362 969 385 1025 δ’
404 967 531 1045 ἐδάκρυσε
546 967 576 1026 ιδ
591 969 724 1048 δεύτερον,
740 969 826 1028 ούκίτι
840 973 936 1045 κιῖνον,
1021 988 1157 1037 Euctemon
1170 1000 1230 1038 roro
1244 986 1347 1038 delevit
1360 1002 1459 1050 rursus,
1470 990 1577 1050 nonium
1587 990 1671 1052 illum,

234 1054 303 1112 ἀλλὰ
318 1055 442 1133 θυγατρός
454 1059 498 1127 ἑῆς
514 1058 612 1137 προῖκά
628 1080 657 1116 τι
671 1058 716 1117 καί
728 1058 855 1133 θάλαμον.
1051 1073 1095 1124 sed
1108 1072 1164 1123 titire
1179 1088 1230 1125 suns
1244 1074 1376 1138 dotemque
1390 1079 1416 1127 et
1431 1077 1575 1128 titulamum.

145 1158 167 1193 εὖ
193 1138 287 1218 Ἔγνω
300 1143 325 1202 δ’
335 1146 371 1211 ὥς
386 1144 433 1201 οὐκ
447 1143 503 1203 lost
516 1147 604 1212 κακῶς
619 1145 780 1224 κιχρημίνον
795 1147 875 1226 ἄνδρα
1020 1161 1236 1224 comperitnutom
1251 1176 1300 1212 non
1312 1163 1453 1225 posse-steri
1468 1168 1496 1214 ut
1505 1165 1570 1216 molo
1583 1180 1643 1217 usus
1656 1171 1692 1218 vir

233 1239 286 1296 τοῖς
301 1230 374 1297 idios<
389 1221 454 1291 εἶναι
470 1235 564 1291 πιστὸν
577 1234 603 1291 lo
624 1234 776 1310 ἀλλοτρίοις.
1050 1248 1155 1312 propriis
1169 1249 1202 1299 sit
1216 1249 1280 1300 lidus
1293 1251 1317 1300 in
1332 1250 1425 1302 olienis.

327 1385 395 1434 oss.
418 1375 628 1439 ΙοΥΛΙΑΝθΥ
651 1378 851 1443 ulutntutz.
1198 1394 1252 1441 nos.
1267 1392 1391 1440 tunium
1405 1393 1620 1444 inruunnroms.

193 1515 241 1581 Τίς
265 1515 343 1576 πόθεν
359 1508 394 1583 εἷς
408 1518 535 1590 Διόνυσε;
553 1519 590 1594 μὰ
605 1519 656 1598 γάρ
670 1519 713 1579 τὸν
734 1520 832 1592 ἀληθέα
849 1521 973 1601 Βάκχον,
1019 1528 1112 1583 Quiset
1125 1527 1233 1587 uudees,
1247 1530 1366 1592 Dionyse?
1377 1532 1506 1593 nonenim,
1518 1546 1657 1596 personum
1667 1535 1797 1595 Bscohum,

234 1602 263 1662 ού
278 1605 303 1664 α’
317 1604 512 1682 ίπιγιγνώσκω·
526 1604 569 1664 τόν
585 1606 645 1671 Διὸς
657 1596 714 1666 οἶδα
730 1609 816 1682 μόνον.
1031 1680 1033 1689 Ι
1049 1629 1098 1666 uon
1109 1618 1134 1666 te
1146 1630 1264 1681 sgnosoo;
1292 1617 1361 1668 ioris
1376 1618 1451 1670 tilium
1465 1620 1546 1672 solum
1560 1622 1625 1672 novi.

194 1692 696 1774 Κιῖνοςνίκταρόδωδι·σίιδλτράγον.
739 1686 825 1774 Ἦρά
838 1719 867 1755 σι
880 1696 974 1759 Κιλτολ
1019 1705 1062 1754 lite
1076 1709 1160 1757 nester
1175 1707 1238 1766 olet,
1252 1709 1280 1757 tu
1298 1720 1356 1757 vero
1370 1707 1474 1760 hircum.
1508 1709 1796 1774 Seueigiturteceitm‚

232 1790 266 1866 τῇ
280 1787 356 1867 πενίη
372 1785 487 1866 βοτρύων
501 1785 593 1854 τεῦξαν
611 1787 824 1867 άπίάστιιχύιον.
1049 1797 1152 1860 penuria
1166 1784 1333 1857 rooomorum,
1346 1797 1458 1849 ieeemnt
1471 1812 1485 1849 e
1498 1799 1579 1862 spicis.

192 1875 238 1952 Τῷ
252 1897 282 1934 σε
295 1875 350 1954 χρὴ
364 1875 466 1933 sellim
482 1874 649 1954 Δημήτριον,
660 1879 689 1935 οὐ
704 1877 840 1948 Διόνυσον,
1016 1884 1076 1934 ideo
1085 1887 1110 1935 te
1119 1887 1215 1947 oportet
1227 1898 1315 1935 uouere
1327 1886 1462 1944 Cerealem,
1474 1900 1523 1937 non
1534 1887 1678 1953 Dionysum,
1698 1891 1795 1956 [mium.
1822 1942 1824 1947 ,

232 1967 364 2044 πυρογινῆ
380 1965 479 2038 μᾶλλον
493 1964 538 2022 καί
550 1963 670 2043 Βρύμον,
683 1967 712 2022 οὐ
726 1965 852 2045 Βρόμιον.
1048 1972 1269 2025 frumento-nutum
1277 1972 1362 2036 potius
1371 1975 1675 2042 etltromumtsoetnrsm),
1685 1994 1732 2031 non
1741 1982 1796 2031 Bro-

436 2116 504 2167 sso.
530 2108 732 2171 ΚΥΡΙΛΛΟΥ.
1307 2113 1361 2162 oso.
1379 2112 1514 2162 cunnum.

193 2245 337 2326 Πάγκαλόν
347 2248 402 2308 ἔστ’
414 2248 571 2328 ἐπίγραμμα
581 2247 611 2307 τὸ
623 2248 746 2327 δίστιχον·
760 2247 791 2320 ἢν
803 2249 830 2307 dl
842 2249 972 2329 παρίλδης
1016 2254 1235 2319 Plane-pulchrum
1247 2257 1287 2304 est
1299 2254 1449 2319 epigramma
1459 2253 1593 2306 distichum
1609 2260 1653 2308 :et
1665 2259 1686 2309 si
1699 2261 1797 2312 excedis
1824 2290 1825 2293 =

229 2333 288 2401 τούς
306 2336 392 2415 τρεῖς,
411 2337 556 2418 ραψιρδεῖς,
572 2339 638 2396 κούκ
651 2337 804 2416 ἐπίγραμμα
813 2338 911 2416 λέγεις.
1047 2347 1098 2394 tres
1111 2355 1212 2402 σινιιιι,
1223 2341 1470 2406 rhapsodiam-seris,
1480 2347 1506 2394 et
1512 2357 1560 2394 non
1569 2345 1794 2411 epigremmadieis

300 2488 367 2567 opo.
389 2477 569 2538 ΤΙΒΕΡΙΟΥ
595 2477 865 2538 ΙΛΛΟΥΣΤΡΙΟΥ.
1218 2486 1271 2532 nro.
1288 2483 1405 2532 uiuunu
1428 2485 1594 2533 innnsnms.

189 2621 231 2677 Οὐ
245 2615 336 2687 κύνες,
351 2615 380 2671 od
393 2612 513 2680 στάλικίς
526 2636 559 2689 με
572 2612 739 2687 κατήνυσαν,
752 2612 811 2692 οὐχί
825 2614 931 2691 κυνηγοί
1015 2628 1068 2675 Νοιι
1083 2618 1168 2684 osnes,
1182 2635 1230 2671 non
1243 2633 1309 2670 verre
1324 2632 1365 2669 me
1380 2619 1549 2678 oonieoerunt,
1564 2633 1612 2669 non
1622 2624 1750 2673 venatores

228 2703 360 2781 δορκάδα·
373 2700 419 2760 τὸν
434 2700 456 2760 δ’
471 2703 524 2762 άπὸ
538 2705 586 2778 γῆς
600 2703 636 2760 ein
652 2698 697 2759 άλλ
711 2702 802 2773 πλῆσα
818 2701 908 2781 μόρον.
1046 2713 1144 2763 damam
1159 2731 1165 2760 :
1180 2712 1274 2760 eterra
1288 2708 1333 2758 sed
1346 2707 1441 2757 instans
1451 2707 1477 2756 in
1491 2708 1553 2757 muri
1564 2708 1662 2771 implori
1677 2710 1759 2761 tutum.

188 2789 235 2858 Ἐξ
249 2790 312 2861 ὕλης
325 2787 414 2868 πόντῳ
428 2787 479 2866 γάρ
494 2786 648 2866 ἐνίδραμον·
666 2779 722 2844 εἶτά
734 2811 766 2859 με
782 2792 892 2848 nistret
1015 2806 1034 2851 E
1048 2801 1109 2851 silvo
1119 2799 1146 2848 iu
1160 2810 1227 2847 mare
1239 2796 1303 2846 enlm
1318 2795 1430 2856 ouourrl3
1448 2794 1505 2845 inde
1516 2805 1636 2847 mnnexae

229 2879 304 2947 ἕλξαν
320 2876 361 2936 ἐπ’
375 2875 508 2954 αἰγιαλοὺς
520 2875 680 2934 δικτυόόλων
695 2877 811 2952 παγίδις.
1045 2890 1170 2940 traxerunt
1184 2887 1208 2936 in
1222 2886 1287 2949 ripas
1300 2884 1450 2950 pisostomm
1462 2885 1548 2947 plage.

187 2966 296 3026 Ἤλιτον
311 2970 329 3036 ἡ
342 2962 450 3043 χάρεοεε
469 2963 556 3040 μόνον
570 2962 667 3046 φυγάς·
680 2962 732 3021 οὐδ’
748 2962 843 3028 ἀδίκως
858 2987 890 3040 με
1014 2979 1116 3030 Peocevi
1127 2975 1328 3028 tellurisitustre
1343 2973 1482 3037 transmga;
1499 2988 1580 3037 noque
1592 2977 1681 3036 iniuste
1692 2990 1731 3026 me

228 3046 280 3112 ιῖλι
296 3052 543 3131 consentiendis&
556 3055 686 3111 λιποῦσαν
701 3052 760 3130 ὄρη.
1044 3066 1109 3130 oepit
1125 3065 1237 3129 pisootor,
1252 3076 1321 3114 meos
1334 3061 1519 3126 qus-liquerim
1533 3065 1637 3113 montes.

188 3142 290 3204 θύνοντ’
306 3141 404 3220 ἄγρης,
421 3140 527 3210 diffisi,
542 3139 706 3219 31'2'5010102
723 3139 806 3197 οἴσετε
820 3148 909 3219 χεῖρα,
1014 3154 1177 3218 Νοιιιιιιιμίίιιε
1186 3151 1285 3216 proedo),
1293 3151 1436 3214 pieminius,
1444 3149 1578 3200 immunem
1588 3151 1671 3202 teretis
1682 3166 1781 3203 manum

227 3234 316 3310 χέρσῳ
332 3229 377 3287 καλ
392 3226 502 3305 πελάγει
517 3224 591 3285 κοινίι
606 3227 744 3293 πλέκοντες
755 3225 819 3306 ὕφη·
1044 3242 1126 3293 telluri
1139 3245 1165 3290 et
1176 3243 1250 3304 ponto
1264 3237 1402 3288 eommunia
1413 3241 1538 3288 nectentes
1547 3239 1616 3288 retis.

468 3379 690 3431 371.An11n0n.
780 3394 782 3398 ·
1291 3375 1345 3421 371.
1375 3380 1512 3423 tnetturt.

188 3503 297 3565 Δίκτυον
313 3499 495 3582 ἐκθρώσκοντα
510 3498 675 3559 πολύπλοκον
691 3499 752 3576 άρτι
768 3498 868 3577 λαγωδν
1013 3502 1072 3551 itote
1084 3495 1581 3562 qui-ovsseratunctum-multis-nextous
1592 3509 1670 3560 nuper
1684 3499 1790 3561 leporem

228 3599 286 3651 σεῦε
299 3589 369 3651 κύων
385 3593 488 3669 lippet<
503 3588 604 3668 ἴχνεσιν
619 3588 769 3658 ὠκοπόδην.
1042 3587 1150 3653 agitabat
1159 3586 1226 3635 cunis
1239 3583 1324 3634 calidis
1335 3582 1444 3647 vestigiis
1455 3585 1572 3634 insistens
1585 3584 1728 3648 loripedem.

187 3680 292 3761 Τρηχύν
305 3684 319 3738 ὁ
334 3678 357 3736 δ’
370 3677 490 3743 ἐκνεύσας
503 3680 615 3756 ταχινῶς
632 3675 730 3754 πάγον,
750 3677 775 3742 ἐς
791 3674 857 3755 βαθὺ
872 3674 967 3732 πόντου
1016 3684 1132 3741 Asperum
1155 3688 1214 3724 roro
1227 3673 1267 3723 ilio
1280 3671 1405 3723 deoliunus
1418 3671 1468 3722 cito
1481 3685 1582 3736 rupem,
1598 3671 1624 3723 in
1634 3674 1712 3725 altum
1724 3689 1790 3726 mare

221 3852 256 3900 Διί
272 3860 365 3899 ueteres
378 3856 469 3897 sumtus
480 3856 585 3911 uotaque
598 3845 685 3895 damus
699 3846 761 3894 redit
776 3861 782 3895 z
1309 3834 1367 3895 ³69.
1380 3847 1493 3882 ossium.

186 3935 310 4000 llihpltlss
318 3949 415 3991 cenem,
427 3930 559 3981 wflssedeffl
570 3929 649 3978 ⁰ffl¹¹l³
662 3928 756 3990 leniris
1011 3939 1124 3989 Versibus
1136 3953 1164 3986 ex
1179 3935 1276 3999 geminis
1288 3934 1350 3983 bonu
1360 3943 1415 3982 sunt
1426 3934 1612 4000 epigrammnts3
1628 3938 1690 4002 quod
1701 3938 1721 3987 si

219 4022 250 4069 Β
262 4033 317 4083 ‘l¹¹⁸
329 4016 375 4065 ‘¹¹¹’
389 4025 497 4064 “mrem
511 4013 630 4063 ‘¹⁰¹²le
642 4013 727 4061 illem·
1042 4025 1101 4070 Tres
1110 4019 1215 4081 excedis,
1224 4033 1291 4083 epos,
1305 4032 1352 4065 non
1364 4015 1509 4081 epigramma
1522 4016 1587 4068 lacis.

188 4107 269 4167 Atque
282 4101 316 4151 ita
330 4099 467 4151 Therouem
480 4097 592 4147 miserum
605 4097 668 4146 male
678 4112 760 4147 rursus
773 4103 861 4160 egestas

221 4183 346 4250 Absorpsit
358 4180 428 4230 rellui
440 4180 536 4246 gurgitis
549 4179 638 4228 illuvie.

187 4271 287 4333 Jamque
298 4265 341 4315 llet
356 4266 486 4323 Euctemon
498 4278 545 4310 uon
557 4259 636 4318 bunc,
651 4275 722 4325 quem
734 4258 833 4308 deseret
846 4266 910 4319 unte,
1010 4263 1083 4325 Cupite
1096 4257 1179 4324 procul
1190 4256 1251 4304 ruris
1261 4254 1405 4318 osuibusque
1415 4266 1550 4316 conumque
1557 4251 1687 4317 magistris,

219 4352 264 4402 Sed
275 4352 356 4400 dotem
366 4358 391 4399 et
400 4355 462 4397 uetae
471 4345 550 4396 flebile
562 4344 695 4408 conjugium
711 4359 718 4393 ι
1044 4350 1070 4394 in
1086 4342 1167 4407 pelago
1179 4340 1249 4389 terris
1262 4338 1342 4386 debita
1357 4335 1404 4385 late
1417 4337 1477 4396 mii;

188 4439 277 4485 nocuis
289 4433 322 4482 ab
336 4431 464 4497 exemplo,
475 4443 561 4494 quarn,
572 4428 613 4492 qui
625 4443 666 4476 sun
679 4426 798 4494 perdidit,
812 4424 846 4473 illi
990 4462 992 4467 -
1011 4431 1051 4476 lile
1064 4441 1166 4491 numque
1176 4461 1183 4484 ,
1194 4423 1287 4488 esylris
1299 4435 1364 4469 mere
1374 4420 1428 4468 dum
1440 4427 1510 4484 peto,
1525 4418 1591 4468 littus
1604 4419 1628 4468 in
1638 4419 1713 4486 ipsum

221 4521 275 4568 Non
289 4516 358 4568 sitin
374 4513 472 4564 ulterius
486 4513 557 4561 rebus
570 4508 680 4560 habenda
693 4509 759 4559 fides.
1042 4509 1218 4574 Sqnnmmigero
1233 4505 1314 4570 generi
1328 4505 1375 4553 lino
1385 4512 1469 4569 perata
1480 4498 1587 4554 innunt}

1010 4599 1058 4645 Cur
1071 4610 1113 4658 ego
1130 4609 1182 4652 ros,
1192 4600 1300 4651 montes,
1312 4605 1357 4637 eur
1368 4598 1406 4642 te,
1422 4603 1475 4636 men
1488 4596 1552 4636 terro
1562 4623 1569 4648 ‚
1581 4588 1684 4652 reliqui?

1043 4678 1147 4726 Piscator
1159 4675 1216 4723 didit
1227 4689 1274 4720 non
1283 4673 1334 4720 sine
1341 4687 1396 4736 June
1407 4686 1481 4719 suum.

1011 4761 1090 4810 nmis
1103 4759 1183 4807 deesse
1197 4754 1297 4820 nequit,
1311 4768 1368 4818 gens
1379 4769 1393 4800 o
1404 4751 1536 4817 Neptunia,
1549 4751 1632 4801 vobis:

189 4855 257 4905 l'nde
266 4854 319 4919 quis
331 4849 457 4899 celibem?
468 4842 800 4900 sicsitmihiutneranncm,
1043 4847 1088 4891 Per
1098 4856 1177 4895 mure,
1191 4854 1233 4904 per
1246 4846 1334 4893 terres,
1346 4833 1407 4882 retis
1420 4843 1496 4882 restro
1510 4834 1597 4884 solent.

220 4941 276 4987 Non
288 4935 348 4985 milii
357 4943 383 4982 tu
392 4942 479 4991 notus,
489 4927 530 4978 sed
540 4944 600 4996 puer
611 4927 653 4975 ille
662 4927 734 4975 loris.
1298 4955 1355 5015 371·
1375 4951 1502 5016 [risuum]

189 5021 233 5069 tile
244 5029 271 5067 ut
283 5026 366 5066 nectar
378 5014 427 5064 olet
437 5049 445 5074 ,
455 5022 481 5062 tu
494 5028 538 5061 ceu
550 5026 630 5075 super.
666 5014 704 5056 An
715 5008 764 5056 lein
778 5016 800 5055 te
809 5022 864 5071 gens

222 5105 256 5151 Ει
266 5095 426 5166 spieisgenuit
437 5094 540 5154 Celtica,
554 5091 608 5141 viris
617 5094 704 5154 egnum
1010 5078 1080 5126 Retia
1095 5073 1192 5128 ritaret,
1206 5071 1246 5120 sed
1258 5086 1306 5119 non
1320 5085 1392 5133 genus
1403 5085 1458 5118 acre
1469 5070 1582 5119 molossos

188 5184 251 5234 ilinc
260 5179 365 5231 mmtis
376 5192 428 5226 eras
439 5174 594 5239 meliorijure
604 5172 735 5225 vocandus,
1045 5163 1077 5209 Ut
1092 5157 1197 5222 lugeret,
1209 5153 1288 5220 lepori
1296 5169 1349 5219 spes
1361 5161 1411 5201 erut
1423 5152 1472 5200 utin
1484 5168 1565 5216 snper.

223 5267 277 5315 Nou
287 5271 353 5311 setus
363 5275 393 5308 es
401 5258 492 5308 Semela
505 5266 593 5310 matre,
607 5253 647 5308 sed
660 5269 689 5301 ex
704 5252 790 5300 simiis.
1012 5243 1096 5292 'insilit
1106 5240 1243 5302 inductus,
1253 5237 1338 5287 fluctus
1350 5236 1406 5302 quis
1420 5237 1503 5287 sevior
1516 5234 1587 5284 instat

1238 4140 1296 4199 370.
1313 4151 1407 4183 πιαιαιι
1424 4150 1557 4184 ιιιιιιπιιιι.

387 4632 444 4681 368.
464 4645 564 4678 suuntur
584 4642 758 4675 inuentionis.

446 4732 482 4778 De
490 4736 551 4798 potu
565 4744 595 4775 ιο·
609 4724 707 4774 hordeo.
