3810 5910
525 406 649 466 CAPUT
670 407 706 464 X.
730 405 1009 466 EPlGnnnlnrnrn
1034 407 1365 467 Exnonnn'ronln.‘

133 538 298 620 Ἀμφοτέρων
313 540 337 595 θ’
349 539 467 617 ἥμαρτεν
484 543 497 595 ὀ
512 545 556 596 νῦν
570 538 636 617 βίος,
649 537 703 596 tn:
715 537 760 595 καί
774 537 853 608 αὗτλν

170 629 356 706 γηράσκουσαν
368 628 440 709 ἔχει,
454 630 498 687 καὶ
513 627 585 695 πίθος
604 630 678 688 οὐδὲν
696 627 762 707 ἔχει.

392 786 440 835 72.
464 777 653 834 ΠΑΛΛΑΔΑ.

131 916 222 987 Σκηνὴ
237 919 313 980 πᾶςδ
329 916 383 995 βίος
393 917 439 974 καὶ
454 916 613 993 παίγνιονό,
630 919 696 993 μάθε
714 916 824 990 παίζειν,

170 1003 217 1074 τὴν
231 1004 348 1075 σπουδὴν
363 1007 496 1082 μεταθεὶς,
509 1005 526 1076 ἢ
538 1004 599 1085 ρέρε
613 1008 658 1073 τὰς
671 1005 772 1072 ὀδύνας.

398 1162 441 1210 73.
461 1163 520 1208 ΤΟΥ
539 1163 643 1207 ΑΥΤΟΥ.

133 1288 166 1345 Εἰ
181 1285 211 1343 τὸ
223 1285 300 1365 φέρον
316 1310 346 1344 σε
361 1285 447 1365 φέρει,
459 1286 520 1363 φέρε
535 1287 580 1344 καὶ
593 1285 681 1367 ρέρου·
691 1290 714 1345 εί
727 1287 749 1345 δ’
760 1291 915 1366 ἀγανακτεῖς

171 1375 215 1433 καί
227 1375 321 1434 σαυτὸν
337 1377 442 1445 λυπεῖς,
459 1375 503 1432 καί
516 1375 545 1433 τὸ
556 1376 633 1456 ρέρσν
649 1399 677 1434 σε
690 1375 771 1458 ρέρει.

323 1528 370 1578 tt.
396 1517 555 1577 illinon
576 1519 725 1578 ztnttn'r.

132 1662 211 1732 Μήτε
229 1661 416 1741 βαθυκτεοίνοιο
426 1660 509 1741 τύχης
521 1662 642 1741 κουρίζεο
657 1661 748 1743 ῥοίζῳ,

172 1753 240 1827 μήτε
256 1753 300 1811 σέο
314 1753 423 1830 γνάμψῃ
438 1751 539 1831 φροντὶς
554 1751 711 1832 ἐλευθερίην.

133 1844 190 1906 Πᾶς
205 1841 256 1919 γὰρ
271 1843 315 1898 ὑπ’
329 1841 485 1900 ἀσταθέεσσι
502 1839 557 1917 βίος
572 1840 739 1916 πελεμίζεται
754 1839 862 1920 αὔραις,

171 1935 204 2008 τῇ
219 1931 307 2010 καὶτῇ
320 1934 434 2006 θαμινῶς
446 1931 703 2005 ἀντιμεθελκόμενος.

133 2017 167 2080 Ἡ
181 2020 204 2077 δ’
217 2021 295 2099 ἀρετὴ
311 2020 434 2099 σταθερόν
448 2043 473 2078 τι
488 2019 533 2077 καὶ
548 2017 672 2096 ἀτροπον,
687 2011 718 2090 ἧς
733 2017 778 2076 ἔπι
790 2017 886 2094 μούνης

172 2109 278 2187 κύματα
292 2109 442 2190 θαρσαλέως
454 2109 609 2188 ποντοπόρει
622 2109 718 2189 βιότου.

394 2264 439 2312 75.
463 2254 655 2313 ΠΑΛΛΑΔΑ.

133 2398 214 2474 ἸΙέρα
231 2397 374 2454 λεπταλέον
390 2396 550 2474 μυκτηρόθεν
565 2394 737 2470 ἀμπνείοντες

172 2485 288 2560 ζώομεν,
302 2485 390 2557 ἠελίου
401 2485 530 2560 λαμπάδα
546 2483 714 2560 δερκόμενοι,

70 2579 74 2586 ’
132 2577 226 2642 πάντες
242 2574 298 2633 ὅσοι
312 2579 396 2648 ζῶμεν
408 2572 477 2632 κατθι
490 2572 533 2630 τὸν
550 2573 616 2651 βίον·
631 2572 732 2652 ὄργανα
746 2575 770 2632 δ’
783 2572 873 2650 ἐσμέν,

171 2668 262 2746 αὔραις
273 2666 408 2739 ζωογόνοις
422 2664 560 2740 πνεύματα
575 2663 734 2742 θεγνύμενοι.

136 2757 169 2814 Ei
181 2756 208 2812 δέ
225 2778 262 2819 τις
272 2744 316 2810 οόν
328 2754 416 2828 ὀλίγην
429 2755 542 2831 παλάμῃ
554 2752 683 2831 σφίγξειεν
699 2751 813 2828 ἀϋτμὴν,

171 2843 258 2923 ψυχὴν
272 2841 404 2911 συλήσας,
418 2845 452 2907 εἰς
467 2837 542 2912 ἀίδην
554 2844 674 2918 κατάγει.

133 2931 224 2997 Οὕτως
240 2930 310 2988 οὐδέν
326 2931 423 2996 ἐόντες,
441 2928 566 3008 ἀγηνορίῃ
582 2930 761 3009 τρερόμισθα,

172 3025 263 3090 πνοιῆς
277 3020 302 3086 ἐξ
317 3019 405 3097 ὀλίγης
417 3019 482 3097 ἠέρα
500 3020 666 3096 βοσκόμενοι.

330 3173 376 3221 'iti-
399 3163 556 3220 illinon·
578 3162 729 3221 ΣΙΛΕΝΤ.

134 3309 173 3364 di
187 3308 216 3365 τό
231 3309 277 3383 ζῇν
289 3305 437 3384 χαρίεσσαν·
450 3304 504 3384 ἔχει
522 3305 614 3384 φύσιν,
631 3303 698 3361 ἀλλὰ
709 3305 738 3362 τό
753 3307 826 3385 ῥῖψαι

174 3397 309 3476 φροντίδας
326 3399 355 3453 ἐκ
370 3395 482 3474 στέρνων
495 3394 541 3459 τάς
553 3392 783 3472 πολιοκροτάφοος.

138 3489 254 3546 Πλοῦτον
271 3488 340 3564 ἔχειν
355 3486 434 3543 ἐθέλω
446 3485 490 3542 τόν
508 3483 641 3560 έποίρκιον·
656 3489 672 3552 η
688 3483 843 3562 direpturi,
889 3559 891 3562 y

175 3576 257 3650 θυμόν
273 3575 313 3631 ἀεὶ
328 3574 431 3632 κατέδει
444 3572 614 3651 χρυσομανὴς
627 3571 734 3648 μελέτη,

136 3664 227 3725 ΙΙῖνθεν
244 3667 270 3722 έν
288 3664 459 3743 ἀνθρώποισιν
472 3663 575 3740 ἀρείονα
592 3661 706 3720 πολλοίκι
719 3661 787 3730 ὀήεις

137 3847 166 3886 ΑΙ
182 3853 234 3901 quac
246 3851 310 3883 nrrnc
325 3834 402 3897 agilan·
416 3832 451 3881 bis
462 3832 528 3897 pejor
544 3831 590 3879 nita
600 3868 605 3890 ,
617 3833 681 3895 qnod
693 3831 742 3897 ipsc

170 3924 315 3979 Fntanus,e1
328 3918 397 3983 plane
412 3916 446 3964 nii
459 3916 530 3963 cadus
541 3915 604 3964 uitus
614 3915 695 3966 tranei.

433 4050 472 4094 γα.
492 4051 617 4082 urrunnu.

138 4151 192 4197 vitu
203 4147 263 4197 rriiril
278 4147 323 4195 nisi
334 4162 371 4194 res
384 4155 419 4194 est
432 4144 523 4193 ludicra
538 4160 544 4193 ε
562 4144 644 4192 ludere
655 4143 718 4191 disce

170 4233 289 4299 Depositis
302 4233 382 4291 curia,
393 4239 435 4278 aut
448 4229 509 4277 mala
522 4229 597 4277 multu
608 4229 667 4294 pati.

446 4369 485 4427 73.
505 4382 622 4416 succurra.

137 4478 161 4527 si
176 4493 246 4543 quem
257 4477 304 4525 iors
316 4486 450 4540 rigaturque
461 4474 535 4533 ierat,
552 4475 612 4523 ierat
626 4483 698 4538 atque
712 4472 812 4523 teratur.

170 4564 200 4612 Ni
215 4564 284 4622 ierat,
297 4572 321 4610 et
331 4561 391 4610 ieret
404 4560 468 4609 hurrc
480 4559 528 4608 [οι-ε
537 4559 609 4624 magis
619 4567 644 4606 et
656 4557 733 4607 icriet.

373 4697 412 4748 74.
434 4703 506 4734 rnurn
524 4702 686 4734 sintn'rintill.

139 4805 187 4851 Nee
201 4800 279 4848 ridens
291 4797 385 4846 fortuna
395 4812 437 4844 suo
447 4805 472 4843 te
484 4793 592 4843 sublevet
607 4801 677 4852 cestii,

170 4888 221 4933 Nec
235 4880 371 4929 libertatem
384 4878 480 4942 sequior
494 4893 551 4924 aura
564 4877 654 4924 domet.

138 4966 235 5029 Cogitur
247 4962 351 5011 adversis
363 4961 413 5009 brae
427 4961 475 5007 ritu
488 4958 593 5007 obnoxia
609 4959 686 5007 nentis

171 5052 241 5098 Nune
255 5045 317 5106 huc,
329 5061 393 5093 nuuc
409 5044 480 5099 illuc,
492 5052 584 5101 tracta,
598 5051 699 5090 retracta
709 5041 783 5106 aequi.

139 5133 222 5181 Virtus
235 5130 286 5179 sola
299 5139 392 5183 manet,
408 5145 454 5176 non
470 5126 583 5174 mobilis:
597 5125 647 5175 haee
658 5125 701 5173 tini
712 5134 806 5190 praelat

171 5220 285 5266 securum
298 5213 352 5262 ritae
365 5229 408 5278 per
423 5228 488 5259 mure
502 5211 631 5274 nauigium.

959 548 989 596 Et
1002 550 1108 609 utroque
1123 560 1232 610 pracacns
1245 548 1335 598 cncidit
1351 549 1401 599 vita
1411 586 1418 610 ,
1430 550 1497 612 quod
1510 554 1535 600 et
1547 552 1624 616 ipsam

990 638 1158 685 senescentem
1171 635 1256 695 habet,
1268 640 1293 686 ct
1302 636 1394 687 dolium
1405 636 1463 687 nihil
1473 637 1633 693 inse-habet.

1245 803 1284 848 72.
1301 799 1460 847 Pniunoffi.

958 930 1036 978 Scene
1050 929 1085 977 est
1098 930 1151 979 tota
1164 928 1230 986 rita.
1245 932 1270 979 et
1284 929 1359 979 ludus
1370 945 1375 978 ε
1387 933 1430 981 aut
1439 930 1507 981 ‹lisce
1517 930 1612 992 ludere,

990 1016 1111 1080 gravitate
1122 1017 1226 1078 omissa,
1237 1021 1281 1069 aut
1299 1020 1334 1068 ier
1343 1018 1449 1069 dolores.

1250 1173 1287 1220 73.
1311 1180 1458 1222 BJUSDEM.

959 1309 984 1359 Si
996 1309 1076 1359 ierem
1087 1309 1096 1373 (
1102 1307 1230 1374 fortuna)
1242 1311 1268 1360 te
1278 1310 1334 1369 sort,
1348 1310 1386 1359 ier
1400 1313 1424 1360 et
1440 1309 1615 1370 sinete-term
1629 1310 1743 1361 ciautem

990 1399 1075 1447 ettetc
1084 1395 1202 1455 alliictas,
1218 1397 1292 1445 etium
1302 1399 1339 1446 ric
1350 1397 1430 1447 terens
1443 1401 1469 1447 te
1483 1400 1539 1448 furt.
1618 1397 1744 1464 {irasceris

1171 1541 1210 1590 74.
1228 1539 1322 1587 unuin
1337 1540 1531 1589 slncnrtnnll.

959 1686 1043 1747 Neque
1055 1682 1183 1733 ditissimae
1200 1684 1306 1733 l'ortuum
1317 1684 1445 1748 superbius
1458 1686 1572 1750 strepitu,

991 1786 1070 1836 neque
1083 1776 1152 1822 tuam
1162 1772 1271 1844 intlcctut
1284 1786 1343 1823 curu
1357 1773 1502 1824 libertatem.

959 1863 1021 1910 Tota
1035 1861 1100 1911 cuim
1111 1861 1308 1912 inconstantibus
1317 1862 1369 1912 rita
1378 1864 1517 1914 concutitur
1527 1865 1609 1924 auris,

990 1948 1040 1998 huc
1055 1953 1080 1999 et
1094 1949 1152 1999 illuc
1165 1950 1306 2013 frequenter
1318 1949 1655 2014 diversantupcrtestrartc.

960 2037 1047 2087 Virtus
1058 2041 1141 2086 cutem
1156 2037 1262 2087 solidum
1280 2037 1379 2100 quidet
1399 2039 1571 2089 inconcussum
1606 2053 1656 2102 qua
1670 2053 1744 2102 super

993 2127 1083 2176 tinctus
1095 2126 1213 2190 intrepide
1223 2127 1322 2191 naviges
1335 2127 1402 2178 ritae.
1679 2127 1744 2191 [sola

1240 2273 1278 2320 75.
1296 2271 1458 2321 PALLADAE.

960 2407 1047 2452 nerem
1058 2401 1191 2451 leviculum
1203 2400 1304 2452 naribus
1314 2403 1462 2467 respirantes

991 2489 1113 2550 vivimus,
1127 2489 1185 2538 solis
1192 2488 1330 2553 lampadem
1345 2491 1481 2551 intuentes,

961 2592 1046 2629 ournes
1059 2583 1182 2643 quotquot
1200 2580 1308 2630 uiuimus
1321 2582 1345 2630 in
1361 2579 1407 2631 hac
1420 2581 1484 2642 vitc3
1497 2595 1587 2645 organa
1603 2584 1686 2633 autem
1700 2596 1742 2632 su·

992 2668 1059 2718 auris
1071 2668 1188 2719 vitalibus
1200 2669 1301 2733 spiritus
1313 2670 1467 2733 accipientes.
1653 2670 1743 2736 [mus,

961 2758 1016 2805 lam
1031 2756 1051 2805 si
1061 2769 1120 2805 vero
1133 2756 1189 2818 quis
1201 2760 1303 2807 tenuem
1315 2758 1395 2821 palma
1409 2757 1533 2808 strinxerit
1544 2759 1639 2820 ilatum,

992 2844 1097 2893 unimam
1108 2843 1246 2907 praedatus,
1261 2844 1286 2894 iu
1300 2844 1511 2914 Orcumdeducit-

961 2930 1000 2980 Sic
1013 2930 1073 2980 dum
1084 2929 1142 2979 nihil
1160 2944 1260 2995 sumus,
1272 2930 1386 3000 superbia
1396 2931 1526 2993 pascimur,

994 3020 1081 3084 spiritu
1092 3034 1120 3070 er
1132 3021 1200 3070 tenui
1213 3024 1417 3071 amarescentes.

1177 3177 1214 3222 7o.
1237 3175 1331 3223 PAULI
1349 3175 1542 3224 SlLENTiAllll.

962 3319 1015 3365 Non
1021 3316 1104 3366 virere
1112 3319 1205 3387 gratum
1211 3315 1285 3364 habet
1295 3313 1568 3372 natura-conditionem,
1578 3314 1621 3375 sed
1627 3316 1744 3380 projicere

992 3403 1168 3454 sollicitudines
1179 3417 1193 3452 e
1206 3403 1348 3467 pectoribus
1356 3400 1691 3466 caua-reddentestempora.

962 3491 1065 3541 Divitias
1079 3490 1168 3542 hahere
1176 3491 1233 3541 volo
1243 3491 1411 3550 sufficientes;
1423 3491 1497 3540 nimia
1509 3494 1593 3541 autem

990 3580 1102 3629 'animum
1117 3593 1196 3642 usquc
1209 3578 1293 3629 exedit
1302 3577 1588 3628 auri-amore-insanieus
1599 3591 1666 3627 cura.

964 3670 1022 3721 inde
1032 3671 1056 3719 in
1069 3670 1212 3720 hominibus
1226 3671 1350 3720 meliorem
1364 3682 1431 3732 crepe
1442 3669 1552 3719 invenies

1216 3901 1217 3904 γ
1261 3850 1301 3910 55.
1323 3866 1445 3896 rncunnm.

962 3989 1070 4036 Vicimus
1083 3988 1189 4052 exiguum
1201 3988 1313 4036 ducentes
1328 3985 1425 4036 naribus
1441 4000 1536 4044 auram,

995 4074 1113 4137 Cioruqne
1124 4073 1240 4138 tantisper
1254 4071 1446 4120 cernimusustra
1460 4069 1518 4134 poli.

962 4160 1121 4204 Instrumenta
1136 4170 1231 4215 sumus,
1243 4161 1335 4219 vegetat
1348 4168 1408 4216 quos
1417 4155 1479 4200 aeris
1488 4151 1545 4200 almi

995 4240 1098 4304 Spiritus
1113 4254 1119 4287 :
1136 4237 1183 4288 hoc
1196 4238 1322 4287 hominum
1335 4253 1394 4285 voce
1404 4245 1506 4285 vocatur
1517 4234 1598 4285 homo.

962 4322 1024 4370 llnic
1033 4321 1136 4369 animam
1148 4321 1235 4386 rapiet,
1251 4320 1319 4369 dabit
1331 4317 1388 4368 huie
1402 4317 1504 4367 inrisere
1517 4333 1611 4379 manes,

994 4405 1018 4454 Si
1033 4415 1128 4453 tenuem
1143 4403 1225 4452 ilatum
1238 4401 1382 4467 comprimat
1396 4416 1443 4449 uua
1460 4416 1553 4450 munus.
1576 4425 1578 4428 >

961 4488 1001 4536 Nil
1015 4503 1095 4535 sunnis
1107 4502 1113 4536 :
1124 4487 1216 4536 interea
1228 4485 1299 4534 uobis
1313 4485 1374 4534 libet
1385 4501 1436 4532 esse
1447 4483 1570 4549 superbis,

995 4574 1061 4634 Quos
1074 4571 1179 4619 modicus
1192 4568 1273 4634 gracili
1288 4567 1364 4617 limite
1379 4575 1463 4616 reulus
1477 4566 1528 4617 alit.

1191 4724 1230 4783 76.
1251 4738 1323 4769 rcum
1340 4737 1502 4770 succan-rann.

942 4871 946 4931 Ι
962 4879 1051 4926 Vir-ere
1066 4892 1113 4923 non
1129 4874 1197 4923 dulce
1206 4883 1251 4934 est,
1264 4872 1345 4922 animo
1356 4873 1397 4922 sed
1409 4872 1499 4939 pellere.
1512 4888 1599 4934 curas,

996 4965 1056 5024 Qnae
1067 4959 1167 5025 pingunt
1180 4958 1253 5007 celeri
1266 4967 1374 5023 tempora
1386 4957 1483 5007 canitie.

963 5043 1064 5093 Dii-ilias
1073 5041 1168 5106 cupiam
1178 5050 1294 5105 quantum
1301 5039 1358 5089 satis
1372 5055 1379 5088 ι
1393 5038 1417 5088 id
1427 5037 1492 5104 quod
1503 5037 1618 5095 nirrrnrln,

996 5129 1037 5174 Est
1050 5124 1156 5173 animum
1168 5123 1257 5172 cirratis
1268 5121 1478 5172 sollicitudinibus.

963 5207 1025 5255 iiiuc
1037 5217 1060 5255 ει
1072 5222 1133 5271 σερε
1147 5205 1208 5254 mori
1222 5198 1323 5267 molitu,
1333 5220 1405 5271 quam
1416 5203 1507 5263 cinero,
1517 5213 1539 5250 ct
1552 5204 1628 5252 uului
