3810 5910
515 413 639 473 mem
660 415 697 474 x.
720 413 999 473 seronlmusm
1023 414 1336 475 exuonrsroms.
1382 383 1386 390 ’

392 551 436 600 5³.
456 553 515 597 ΤΟΥ
530 553 635 599 ΑΥΤΟΥ.

128 681 161 739 Ei
179 677 236 745 τούς
250 679 419 758 ἀνδροφόνους
433 679 586 752 εὐδαίμονας
599 678 674 746 ὄντας
688 682 799 759 δρῶμεν,

167 769 196 825 σύ
212 767 280 827 πάνυ
295 768 432 842 θαυμάζειν·
448 773 491 826 τοῦ
507 767 567 832 Διός
583 770 638 826 ἐστι
650 767 738 849 γε’ρας.

127 859 180 918 Τὸν
195 857 247 936 γὰρ
262 858 426 934 γεννήσαντα
441 855 596 932 μεμισηκὼς
610 858 655 915 καὶ
671 860 766 922 ἐκεῖνος

167 952 265 1006 κτεῖνεν
280 945 322 1019 δν,
340 950 363 1004 εἰ
378 952 391 1005 δ
406 947 503 1024 Κρόνος
515 948 604 1017 θνητὸς
618 946 756 1025 ἐτύγχανεν
772 944 817 1004 ὤν·

128 1038 185 1094 ἀντὶ
199 1037 225 1095 δὲ
242 1043 287 1095 τοῦ
299 1037 399 1095 κτεῖναι
415 1035 461 1093 σὺν
475 1045 527 1102 τοῖς
539 1039 636 1107 Τιτῆσι
648 1037 767 1107 κολάζει,

167 1125 285 1203 δέσμιον,
298 1128 333 1190 ὡς
347 1124 457 1203 λῃστὴν,
473 1128 508 1190 εἷς
525 1125 554 1183 τὸ
568 1125 697 1204 βάραθρον
713 1125 786 1192 ἀνείς.

394 1273 438 1321 54,
458 1273 518 1318 ΤΟΥ
536 1274 642 1328 mot.

128 1402 168 1460 Ού
182 1409 252 1459 ποιεῖ
266 1399 376 1459 θάνατον
392 1399 470 1474 μόνον
486 1404 502 1469 ἡ
518 1399 615 1478 ρθίσις·
630 1398 699 1458 ἀλλὰ
713 1399 756 1458 τόν
772 1399 849 1459 αὐτόν

167 1490 211 1547 καί
226 1488 311 1559 πολλὴ
326 1488 448 1566 παχύτης
462 1490 588 1554 πολλάκις
602 1487 763 1566 εἰργάσατο·

128 1581 152 1636 Τ
154 1578 207 1635 οὔδ’
222 1582 236 1634 b
250 1577 413 1654 τυραννήσας
429 1575 561 1641 Διονύσιος
575 1575 735 1650 Ἡρακλείας

166 1671 213 1736 τῆς
226 1669 253 1723 ἐν
264 1669 302 1744 τῷ
316 1664 408 1744 Πόντῳ
424 1663 537 1741 μάρτυς,
551 1668 652 1722 ότοῦτο
667 1665 765 1724 παθών.

402 1812 445 1861 65.
466 1815 524 1858 ἹῸΥ
541 1815 644 1859 ΛλἸῸΥ.

127 1942 173 2004 Ἂν
188 1944 258 2001 πάνυ
273 1943 410 2019 κομπάζης
425 1941 611 2019 προστάγμασι
628 1941 665 2015 pl,
682 1941 822 1999 ὑπακούειν

166 2037 213 2102 τῆς
227 2034 360 2108 γαμετῆς,
374 2033 476 2108 ληρεῖς·
492 2032 520 2088 ού
535 2027 586 2107 γάρ
600 2030 654 2087 ἀπὸ
666 2028 740 2105 δρυὸς
752 2018 792 2102 εἷ,

127 2123 180 2180 οὐδ’
196 2123 248 2180 ἀπὸ
264 2119 378 2198 πέτρης,
394 2118 481 2198 φησίν·
494 2116 509 2174 ό
522 2119 545 2174 θ’
558 2120 581 2175 οί
596 2118 688 2176 πολλοὶ
702 2117 761 2177 κατ’
773 2117 890 2196 ἀνάγκην

166 2209 316 2287 πάσχομεν,
330 2205 347 2275 ἢ
361 2205 469 2276 πάντες,
480 2205 525 2290 καὶ
540 2203 572 2262 σύ
588 2208 791 2286 γυναικοκρατῇ.

129 2301 160 2358 Ei
169 2299 201 2367 δ’,
211 2325 223 2348 o
233 2297 262 2353 οὐ
271 2295 404 2373 σανδαλίῳ
414 2320 425 2344 ν
437 2291 486 2374 φὴς
494 2321 506 2344 ι
515 2292 649 2370 τύπτομαι
659 2339 666 2365 ,
684 2294 749 2366 οὐδ’,
764 2294 910 2353 ἀκολάστου

168 2413 180 2437 ι
194 2386 272 2456 οὔσης
285 2406 330 2460 μοι
342 2386 476 2459 γαμετῆς,
489 2381 543 2461 χρή
560 2406 593 2458 με
607 2382 728 2459 μύσαντα
742 2382 829 2463 φέρειν
846 2409 869 2450 ν,

129 2474 257 2534 δουλεύειν
272 2496 302 2530 σε
315 2473 384 2549 λέγω
399 2471 583 2550 μετριώτερον,
598 2470 623 2528 εἴ
634 2495 664 2546 γε
675 2471 812 2550 πάπρασαι

168 2564 281 2643 σώφρονι
297 2561 420 2639 δεσποίνῃ
439 2559 506 2637 μηδὲ
520 2559 579 2618 λίαν
591 2563 709 2640 χαλεπῇ.

394 2711 439 2759 56.
460 2712 519 2755 ΤΟΥ
538 2674 643 2757 stiur.

128 2841 210 2899 (iltis
225 2839 390 2920 σωφροσύνης
402 2837 543 2917 τεκμήριόν
556 2840 610 2895 ἐστι
622 2837 762 2916 πρόδηλον·

169 2936 221 2994 τοῖς
236 2926 435 3004 ἐμπαιζομένοις
448 2925 558 3004 ἀνδράσι
572 2931 657 2983 ταῦτα
671 2924 754 3001 λέγων

129 3021 198 3077 Οὔτε
210 3017 240 3076 τὸ
252 3018 399 3095 δύσμορρον
415 3016 520 3081 πάντως
533 3014 684 3073 ἀνύποπτον
700 3014 828 3096 ὑπάρχει,

169 3107 221 3165 οὔτ’
235 3105 432 3163 ἀκολασταίνειν
444 3113 519 3161 πᾶσα
531 3102 629 3183 πέφυκε
642 3104 721 3172 καλή.

87 3225 101 3263 ς
132 3197 184 3255 Καὶ
199 3195 250 3272 γάρ
266 3217 304 3259 τις
319 3192 360 3249 διὰ
375 3189 423 3261 τὴν
436 3189 506 3268 ὥραν
522 3198 573 3255 τοὶς
587 3190 674 3249 πολλὰ
689 3191 801 3247 διδοῦσιν

169 3287 218 3362 οὐχ
233 3281 339 3341 ἕπεται·
354 3280 453 3347 πολλὰς
467 3280 556 3338 δ’ἐστὶ
571 3290 695 3356 γυναῖκας
708 3281 772 3337 ἰδεῖν

131 3374 189 3452 οὖχλ
203 3371 285 3437 καλδις
299 3371 346 3440 τὴν
360 3370 428 3448 ὄψιν,
440 3367 596 3442 όπυιομὲνας
608 3367 771 3443 ἀκορέστυις,

136 3442 148 3466 ⁰
169 3463 212 3520 καὶ
227 3469 280 3526 τοῖς
292 3458 467 3538 χρησαμένοις
481 3455 567 3515 πολλὰ
580 3455 763 3536 χαριζομένας.

130 3554 188 3611 Ota
203 3548 227 3608 εἴ
240 3574 277 3614 τις
289 3549 394 3624 συνάγει
407 3547 451 3612 τὰς
463 3544 577 3624 ὀρρύας,
590 3547 646 3602 οὐδὲ
662 3547 766 3621 γελῶσα

79 3666 102 3702 ru
169 3639 305 3719 potiretur,
320 3638 430 3716 όρθῆναί
444 3639 466 3691 τ’
484 3635 607 3711 ἀνδράσιν
619 3633 791 3711 ἐκτρέπεται,

432 3804 474 3853 53.
493 3818 612 3849 srusnsrr.

129 3937 152 3986 Si
166 3935 225 3983 bene
237 3932 365 3981 srrecedunt
377 3929 504 3977 homicidis
515 3928 608 3986 omnia,
620 3929 696 3976 miror

162 4020 217 4067 Non
230 4031 273 4079 ego
286 4030 293 4063 ι
306 4012 421 4077 dispositu
436 4027 473 4059 res
487 4012 552 4060 renit
567 4012 610 4059 ista
624 4010 699 4059 loris.

130 4101 220 4150 Oderat
231 4098 281 4163 ipse
293 4105 398 4161 patrem,
407 4095 446 4142 sed
458 4105 481 4142 et
491 4094 613 4142 occidisset
623 4093 739 4147 eundem,

162 4183 186 4232 si
201 4189 279 4247 posset
291 4176 375 4226 mortis
385 4177 439 4240 jura
451 4175 532 4224 subire
545 4179 616 4224 bem.

130 4272 182 4316 lloc
194 4265 308 4331 quianon
320 4262 396 4328 potuit
407 4299 415 4323 ,
427 4277 491 4308 nunc
506 4276 560 4308 cnm
574 4259 701 4307 Titanibus
713 4258 779 4307 illum

162 4351 200 4398 Sic
212 4346 278 4413 quasi
292 4346 409 4394 iatronem
421 4343 513 4391 detinet
525 4343 548 4390 in
561 4340 684 4391 barathro.

427 4470 467 4522 54.
488 4482 605 4514 rausum.

131 4605 184 4651 Non
199 4608 291 4647 tautum
306 4596 360 4643 rim·
372 4594 444 4642 sillem
457 4592 514 4640 lacit
527 4591 592 4639 arida
607 4590 675 4640 tabes
689 4607 696 4641 τ

163 4679 312 4746 Quinetiam
327 4676 428 4725 nimium
443 4675 528 4739 pingue
541 4690 626 4722 nccare
641 4682 729 4739 potest.

131 4771 182 4816 linc
195 4766 264 4813 docet
277 4761 387 4824 exemplo
399 4758 509 4806 dominus
522 4754 650 4820 Dionysius
664 4754 746 4816 urbis,

164 4847 273 4898 Herculis
285 4845 314 4894 ad
328 4849 428 4892 Pontum
442 4841 549 4906 quesita
563 4854 650 4886 nomen
664 4835 747 4888 habet.

434 4971 475 5018 55.
494 4982 611 5014 trusum.

129 5094 153 5142 Si
166 5091 266 5141 nimium
274 5090 349 5154 jactas
359 5096 382 5135 te
392 5104 439 5134 nrm
452 5084 535 5133 uxoria
547 5083 610 5131 serre

163 5182 248 5235 Jussa,
262 5172 344 5239 procul
359 5187 414 5219 sero
427 5186 466 5229 cs;
480 5186 534 5217 num
547 5183 625 5232 neque
639 5173 706 5231 petra
720 5163 781 5226 tibi,

132 5264 181 5310 Nec
193 5272 295 5325 quercus
308 5254 420 5321 genitrix,
431 5252 510 5318 perier
522 5251 585 5315 ‹prod
598 5250 660 5299 terre
673 5264 768 5298 neccsse
782 5256 826 5297 est.

1240 577 1279 621 bii.
1301 582 1448 625 BJUSDEM.

952 691 978 741 si
988 691 1125 742 homicidas
1135 693 1220 743 teliccs
1229 693 1314 744 rivere
1325 693 1451 754 videmus,

984 794 1033 829 non
1048 779 1120 831 valde
1131 781 1222 843 miron
1236 782 1305 832 loris
1318 786 1357 832 est
1371 781 1474 832 donum.

953 864 1092 914 Genitorem
1106 864 1172 916 enim
1186 878 1278 916 exosus
1287 865 1361 916 etiam
1375 865 1416 917 ille

982 952 1157 1013 interfecisset,
1171 954 1192 1004 si
1204 956 1323 1005 Saturnus
1335 959 1402 1005 essct
1417 955 1529 1006 mortalis
1542 973 1548 1005 ε

954 1043 997 1094 sed
1011 1046 1066 1094 loco
1076 1045 1151 1095 eredis
1164 1060 1222 1095 cum
1235 1045 1363 1096 Titanibus
1375 1046 1493 1110 castigat,

986 1133 1115 1194 vinctum,
1135 1138 1164 1184 ut
1178 1135 1309 1195 latronem,
1324 1135 1348 1184 in
1362 1134 1504 1186 barathrum
1517 1135 1659 1187 demissum.

1243 1285 1281 1334 st.
1302 1261 1454 1329 'erassem
1508 1328 1513 1341 ,

954 1416 1006 1464 Non
1020 1414 1079 1465 lacit
1089 1418 1192 1465 mortem
1208 1417 1304 1465 tantum
1315 1415 1434 1479 pbtlrisis3
1449 1415 1493 1466 sed
1504 1418 1606 1468 eandem

985 1502 1060 1553 etism
1069 1503 1147 1552 multa
1160 1502 1268 1554 obesitas
1280 1517 1346 1567 sepe
1361 1505 1518 1568 compararit.
1567 1495 1570 1503 “

954 1593 1062 1655 llrrjusce
1076 1592 1111 1641 rei
1124 1596 1243 1655 tyrannus
1254 1591 1387 1655 Dionysius
1398 1594 1523 1645 llcraclcae
1536 1610 1540 1615 ·

987 1685 1096 1743 quae-est
1110 1681 1134 1729 in
1149 1683 1226 1729 l’onto
1240 1681 1326 1743 testis,
1339 1680 1476 1745 hoeipsum
1486 1697 1581 1746 passus.

1239 1822 1278 1863 bb·
1301 1825 1452 1867 stusnust.

955 1955 980 2005 si
993 1954 1091 2004 omnino
1104 1954 1215 2017 gloriaris
1224 1953 1300 2016 jussis
1311 1956 1335 2004 lc
1344 1968 1391 2003 non
1405 1953 1508 2017 obsequi

985 2044 1108 2108 conjugis,
1121 2043 1225 2102 deliras;
1239 2056 1286 2092 non
1300 2043 1364 2092 cuim
1375 2057 1492 2106 aqucrcu
1504 2057 1544 2104 es,
1593 2044 1738 2109 [necessario

955 2144 1034 2194 neque
1047 2144 1062 2180 a
1074 2134 1155 2194 petra,
1169 2130 1205 2179 ait
1220 2131 1392 2194 proverbium
1412 2119 1463 2182 ret
1481 2131 1548 2194 quod
1564 2132 1738 2197 maximopere

985 2219 1101 2284 patimur,
1115 2223 1157 2269 aut
1171 2233 1269 2280 omnes,
1283 2223 1308 2269 ct
1323 2225 1350 2269 tu
1365 2219 1715 2285 mulieris-potentiam·subis.

955 2309 979 2357 Si
988 2322 1055 2367 vero,
1065 2328 1077 2351 o
1085 2310 1137 2357 lion
1147 2308 1264 2369 sandalio,
1271 2308 1360 2370 inquis,
1372 2309 1496 2370 verberor,
1506 2322 1593 2372 neque,
1603 2309 1728 2374 impudica

986 2410 1062 2459 quum
1077 2399 1133 2446 utar
1144 2410 1236 2456 uxore,
1250 2400 1348 2459 oporiet
1361 2410 1401 2447 me
1414 2397 1518 2447 tacitum
1528 2399 1593 2447 terre
1603 2419 1630 2458 ν,

955 2487 1047 2538 servire
1061 2490 1086 2536 te
1101 2486 1155 2536 dico
1166 2487 1327 2546 moderatius,
1339 2488 1460 2551 siquidem
1473 2489 1627 2539 venditus-es

986 2575 1104 2626 tondens
1115 2576 1222 2626 dornince
1234 2591 1313 2640 neque
1326 2577 1400 2626 nimis
1413 2577 1490 2640 gravi.

1243 2717 1280 2762 56.
1305 2722 1452 2763 EJUSDEM.

956 2844 1055 2893 liullum
1070 2843 1192 2893 castitatis
1204 2843 1301 2906 signum
1311 2849 1349 2894 est
1358 2842 1515 2893 manifestum
1530 2862 1536 2892 z

986 2934 1076 2997 quibus
1087 2933 1200 2984 illuditur
1211 2934 1306 2984 maritis
1318 2933 1371 3005 berc
1380 2932 1459 2983 odico.

956 3024 1041 3086 Neque
1054 3021 1201 3072 dillormitas
1216 3036 1315 3071 omnem
1328 3021 1569 3085 citra-suspicionem
1579 3022 1706 3083 subsistit,

987 3110 1737 3174 nequeimpudica-cstomnissuaptenaluramulierpulelrra.

958 3200 1051 3249 Etenim
1064 3202 1104 3248 est
1116 3213 1173 3262 quae
1182 3199 1214 3248 ob
1224 3200 1329 3248 sormam
1338 3198 1416 3247 multa
1427 3198 1585 3262 largientibus

986 3302 1034 3336 non
1048 3287 1206 3350 obsequitur3
1220 3289 1305 3336 contra
1314 3287 1405 3336 multas
1417 3289 1456 3336 cst
1468 3286 1584 3336 mulieres
1595 3286 1679 3336 ridere

957 3389 1003 3424 non
1017 3374 1132 3439 pulchras
1145 3379 1260 3440 aspectu,
1273 3378 1391 3425 coeuntes
1402 3374 1582 3433 insatiabiliter,

986 3466 1012 3513 et
1026 3462 1383 3526 rom-cum-tpsis-hsnentibus
1395 3465 1474 3513 multa
1485 3463 1698 3526 quac-largiantur.

956 3555 1039 3602 Nonne
1052 3552 1073 3600 si
1085 3566 1140 3614 quae
1151 3552 1273 3601 contrabit
1285 3551 1427 3615 supercilia,
1440 3565 1519 3613 neque
1535 3550 1618 3599 ridens

986 3645 1101 3704 apparet,
1117 3642 1312 3705 adspectumque
1324 3641 1432 3691 virorum
1448 3644 1584 3702 aversetur,

990 3805 1049 3851 Sum
1062 3802 1157 3860 cuncti,
1174 3801 1231 3867 quid
1247 3801 1270 3849 ui
1283 3811 1309 3850 tu
1320 3806 1435 3866 quoque?
1448 3801 1493 3850 sub
1507 3801 1611 3850 duurina.

958 3891 992 3934 At
1006 3901 1053 3934 uon
1066 3886 1173 3937 sandalio
1183 3922 1191 3946 ,
1201 3884 1274 3945 dicis,
1285 3886 1448 3934 commuiceor
1460 3901 1466 3935 :
1477 3895 1501 3933 at
1514 3901 1562 3934 uon

993 3968 1080 4016 Uxoris
1092 3969 1172 4034 patior
1182 3977 1262 4017 mutus
1272 3968 1399 4016 arlulterir.
1525 4021 1532 4032 Ι

959 4051 1088 4101 Servitium
1100 4051 1147 4100 fers
1158 4067 1214 4116 ergo
1229 4051 1307 4098 minus
1319 4065 1402 4114 grase,
1412 4049 1508 4114 qnando
1518 4049 1604 4115 pudica

992 4141 1021 4186 Et
1034 4153 1082 4185 nou
1099 4135 1202 4185 difficilis
1215 4145 1239 4185 to
1249 4133 1320 4184 nimis
1332 4133 1392 4182 eruit
1405 4131 1473 4182 hero.

1260 4329 1300 4376 56.
1320 4342 1439 4376 srusnrst.

958 4491 1054 4541 Credite
1067 4491 1160 4558 decepti
1171 4490 1240 4540 toties
1252 4489 1276 4538 in
1288 4504 1370 4537 amore
1382 4488 1474 4543 mariti,
1498 4484 1500 4489 ⁴

991 4576 1103 4637 Credite,
1113 4576 1179 4625 nulla
1191 4584 1248 4623 nota
1259 4582 1295 4622 cst
1304 4581 1371 4622 certa
1382 4571 1512 4638 pudicitie.

959 4661 1009 4708 Nec
1022 4668 1104 4724 turpes
1115 4657 1175 4706 lucie
1187 4671 1281 4721 semper
1293 4653 1345 4703 sine
1356 4653 1457 4728 crimine
1468 4654 1568 4714 rirnnt,

992 4744 1042 4790 Nec
1054 4757 1149 4806 semper
1158 4739 1240 4788 tormer
1252 4736 1329 4801 gloria
1343 4735 1434 4785 crimen
1448 4734 1531 4786 habet.

960 4826 1049 4874 Multas
1063 4824 1246 4890 adspicerem,
1260 4837 1314 4886 quae
1327 4817 1422 4886 pulchri
1436 4819 1545 4886 corporis
1557 4835 1624 4868 usum

991 4913 1098 4958 Tentatae
1111 4908 1178 4957 nulio
1193 4922 1292 4955 munere
1304 4904 1458 4970 prostituant.

959 4995 1019 5042 Sunt
1034 4999 1059 5038 et
1071 4990 1205 5049 deformes,
1216 4987 1304 5053 quibus
1316 4986 1426 5034 insatiata
1438 4984 1513 5034 iibido
1524 4992 1576 5044 cst,

992 5079 1099 5139 Qtroeque
1111 5074 1199 5122 audent
1214 5071 1320 5139 pretium
1335 5085 1424 5136 pronere
1437 5067 1563 5117 adulterio.

960 5161 1013 5208 Non
1025 5158 1044 5206 si
1054 5173 1102 5223 quo
1112 5166 1222 5223 aspectus
1231 5156 1328 5205 simulat
1339 5154 1415 5204 vitare
1423 5152 1518 5212 uiriles,

991 5241 1134 5308 Tetricuque
1146 5241 1234 5292 attollit
1245 5240 1312 5289 triste
1323 5237 1493 5304 supercilium,
