3810 5910
565 500 568 507 ,
612 436 742 500 CAPUT
763 438 841 498 xvi.
865 436 1059 498 APPENDlX
1080 439 1296 501 PunnnuEm
1697 446 1754 505 599

193 571 259 628 ἀλλὰ
274 571 319 628 καί
334 571 360 627 ἐν
375 570 498 648 πολέμοις
515 573 595 640 δεῖξεν
608 571 780 653 ἀεθλορύρον,

166 649 181 680 2·
197 660 204 680 s
226 658 237 680 rt
256 661 262 681 r

1007 580 1051 630 sed
1063 582 1089 631 et
1099 580 1125 630 iu
1137 581 1230 645 praellis
1237 581 1346 632 ostendit
1359 581 1491 642 victorem,

153 681 196 714 ευτ
221 682 253 735 αρ
275 653 353 725 Ἀναξ
369 655 508 735 πολέμιξεν
524 659 593 739 ἔχων
611 659 757 738 Πρασίνους
772 660 910 740 θποεργοίις
975 669 1073 731 quaudo
1085 670 1200 734 Princeps
1214 670 1305 720 bellum
1319 669 1419 735 gerebat
1432 669 1646 719 Presinnstrabens
1657 667 1752 719 submi·

192 745 269 824 ἄγριοι
285 747 435 826 μαινομένῳ
450 749 535 826 ἐχθρῷ
550 747 712 828 ἁνακτορέῳ,

1006 762 1091 808 contra
1102 759 1203 810 alterato
1214 759 1377 810 insanientem.
1387 757 1484 809 hostem
1493 757 1597 821 imperii,
1647 757 1753 822 [ulstroa

111 833 122 868 ⁶
151 833 196 889 καὶ
211 835 288 892 πέσεν
304 836 484 916 αἰνοτύραννος
497 835 665 915 ἐπιρθιμένης
679 837 737 894 τότε
749 835 868 914 Ῥώμης,
946 888 949 901 ς
975 845 1001 892 ct
1011 843 1100 894 cecidit
1111 848 1324 908 saeuustyraunua
1335 845 1460 909 pereuntis
1472 849 1532 896 tune
1541 848 1634 904 Romus,

191 914 263 1002 ἦμαρ
280 925 303 981 θ’
322 925 448 996 Αὐσονίης
463 916 540 995 ἦλθεν
555 923 707 1003 ἐλευθερίης.

1006 930 1059 982 dies
1073 936 1154 982 nutem
1167 934 1281 983 nusouire
1293 933 1358 983 venit
1371 934 1500 985 libertatis.
1602 933 1751 998 [trabebant3

150 1011 267 1069 Ἰὀῦνεκα
283 1021 335 1078 τοῖς
347 1012 393 1089 μὲν
404 1013 498 1070 ἔδωκεν
509 1012 588 1080 'duni
602 1013 695 1092 γέρας,
708 1016 743 1080 ὣς
754 1015 836 1094 πάρος
847 1005 929 1093 εἶχαν,
975 1022 1126 1084 Quapropter
1142 1021 1178 1071 eis
1190 1021 1292 1084 quidem
1305 1022 1374 1073 dedit
1389 1022 1504 1086 Princeps
1513 1023 1596 1083 decus,
1606 1021 1672 1084 quod
1684 1019 1751 1083 prius

191 1097 233 1158 τὸν
250 1100 275 1158 δὲ
289 1101 368 1158 τύπον
383 1101 461 1181 τέχνη
476 1100 563 1173 ἔξεσε,
581 1103 727 1183 Πορρύριτ.

454 1251 515 1302 351.
536 1252 629 1301 ᾸΔΛΟ.

150 1382 301 1462 Ὑμετέρων
314 1384 425 1465 κήρυκες
439 1364 573 1466 θμεμρέες
588 1387 652 1443 εἰσὶν
669 1385 775 1464 ἀγώνων

189 1474 213 1531 οἱ
223 1473 267 1531 καί
283 1475 328 1531 ἀπ’
345 1472 482 1546 ἀντιθέων,
500 1473 650 1553 Πορρύριτ,
665 1472 797 1552 eriperer.
811 1522 815 1531 ,

151 1561 256 1628 Πάντας
272 1560 322 1640 γὰρ
333 1562 476 1620 σταδίοισιν
493 1562 639 1637 &portello
656 1561 711 1620 αἰέν
727 1561 840 1640 ἐλέγχεις

189 1649 370 1728 ἀντιτέχνους,
386 1653 432 1718 τῆς
444 1653 491 1719 σῆς
504 1649 623 1726 παίγνιον
638 1649 794 1719 ἱπποσύνης.

149 1736 326 1810 Τούνεκακαί
338 1737 418 1806 ξεῖνον
434 1737 576 1816 πρεσύήῖον
592 1737 671 1817 εύρσιο
685 1743 794 1813 μοῦνος,

188 1824 273 1884 εἰκόνα
288 1825 415 1905 χαλκείην
428 1826 505 1903 δήμῳ
519 1828 545 1883 ἐν
560 1825 711 1906 ἅμροτέρῳ.

448 1976 510 2029 352.
532 1979 627 2026 ΑΔΔΟ.

150 2111 276 2180 Πλέστης
286 2111 387 2191 χαλκὸν
406 2112 505 2179 ἔτευξεν
518 2112 618 2192 θμοίίον
633 2117 755 2192 ἡνιοχῆϊ·

189 2197 239 2256 εἴθε
254 2199 337 2257 δὲκαὶ
352 2200 443 2278 τέχνης
459 2201 537 2276 ὄγκον
556 2203 752 2280 ἀπειργάσατο,

148 2286 225 2364 ύγκον
240 2293 304 2364 ὁμοῦ
320 2289 364 2346 καὶ
379 2289 482 2354 κᾶλλος·
500 2289 563 2369 ὅπερ
576 2292 651 2369 φύσις
663 2293 709 2371 ὀψὲ
724 2297 834 2352 τεκοῦσα

188 2374 299 2454 ὤμοσεν·
314 2377 429 2436 Ὠδίνειν
444 2378 561 2457 δεύτερον
575 2381 604 2437 οὐ
619 2377 744 2457 δύναμαι.

148 2459 268 2540 Ὤμοσεν
284 2467 396 2544 εύόρκοις
409 2468 459 2525 ὑπὸ
471 2467 579 2546 χείλεσι·
596 2469 738 2548 Πορρυρίῳ
752 2471 803 2552 γὰρ

187 2554 283 2633 πρώτῳ
296 2555 340 2612 καί
354 2556 442 2635 μούνῳ
459 2565 548 2613 πᾶσαν
563 2556 644 2615 ἔδωκε
658 2558 747 2638 χάριν.

450 2705 511 2753 353.
531 2708 626 2754 ΑΛΔΟ.

150 2845 182 2901 iii
197 2842 285 2921 ρθύνος
302 2843 426 2922 ἠρεμέοι,
439 2843 535 2925 κρίνειν
551 2849 573 2903 δ’
588 2846 699 2906 ἐθέλοιεν
713 2848 806 2906 ἀέθλου

186 2932 280 2996 πάντες
298 2933 445 3011 Πορρυρίου
456 2935 585 3014 μάρτυρές
599 2937 648 2992 εἰσι
660 2936 755 2994 πόνων·

151 3016 189 3074 ναί
202 3019 273 3098 τάχα
286 3021 330 3078 καὶ
342 3019 452 3100 φήσαιεν
468 3023 659 3098 ἀριθμήσαντες
672 3027 782 3101 ἀγῶνας·

190 3108 268 3165 Barim
279 3114 355 3167 τοῦτο
368 3109 444 3187 γέρας
456 3110 601 3169 τοσσατίων
616 3112 754 3186 καμάτων.

146 3193 236 3252 Ὄσσα
252 3195 301 3274 γὰρ
313 3203 439 3276 ήνισχῆας
453 3199 492 3256 ἀεὶ
510 3202 690 3279 μεμερισμένα
706 3211 811 3279 κοσμεῖ,

187 3282 222 3346 εἰς
233 3280 259 3338 ἓν
275 3283 431 3356 ἀολλίσσας,
446 3286 550 3357 τηλίκος
565 3287 683 3371 ἐξεφάνη.

449 3421 509 3471 354.
529 3424 626 3476 Anno,

148 3538 279 3614 Αἰδομένη
291 3543 383 3620 χαλκῷ
400 3566 428 3600 σε
441 3544 528 3617 πόλις,
544 3547 698 3621 τριπόθητε,
714 3547 838 3627 γεραίρει·

185 3628 260 3698 ἤθελε
271 3629 322 3708 γὰρ
334 3635 434 3710 χρυσῷ·
450 3634 509 3688 ἀλλ’
525 3632 577 3690 ἴδεν
594 3637 617 3697 ἐς
629 3633 757 3709 Νέμεσιν,

124 3717 127 3725 ’
146 3718 179 3774 Εἰ
195 3716 221 3773 δὲ
230 3716 291 3791 τεὴν
307 3718 415 3792 μέλπων
431 3722 460 3777 οὐ
477 3721 590 3779 παύεται
602 3723 685 3791 ἠθάδα
702 3724 777 3796 νίκην

1005 1111 1079 1181 tuam
1088 1122 1144 1158 uero
1158 1110 1261 1159 tonnam
1269 1123 1310 1159 urs
1322 1109 1465 1173 perpolivit,
1475 1124 1491 1160 ο
1501 1104 1628 1175 Porphyri.

1271 1269 1326 1315 351.
1348 1272 1455 1317 attuit.

949 1385 954 1452 Ι
975 1395 1083 1442 tuorum
1096 1406 1222 1456 praecones
1236 1394 1352 1458 inculpati
1366 1399 1424 1445 sunt
1437 1395 1599 1447 certauduum

1005 1482 1079 1531 etiam
1091 1481 1121 1530 alr
1135 1481 1282 1532 adversariis
1293 1482 1372 1543 datae,
1385 1497 1401 1531 ο
1413 1484 1540 1547 Porptryri,
1555 1497 1659 1534 coronae.

974 1569 1082 1618 Cunctos
1094 1569 1159 1618 euim
1171 1569 1196 1618 in
1210 1569 1295 1619 stadiis
1304 1571 1466 1632 permutando
1478 1585 1557 1635 usque
1565 1571 1642 1621 vincis

1004 1657 1182 1720 congemens,
1195 1660 1246 1708 ture
1257 1658 1340 1708 lusum
1352 1659 1658 1723 inequitaudo-sotlertice.

974 1747 1129 1810 Quapropter
1154 1751 1180 1797 et
1199 1745 1325 1797 insolitum
1345 1748 1611 1812 venerationis-signum
1638 1747 1752 1798 invenisti

1003 1833 1131 1897 imaginem
1142 1847 1236 1885 ornenm
1249 1836 1338 1899 populo
1350 1837 1374 1886 in
1386 1840 1499 1900 utroque.
1657 1836 1667 1888 t
1673 1836 1749 1894 solus,

1273 1978 1329 2022 352.
1352 1982 1458 2027 sttui).

973 2118 1086 2181 sculptor
1099 2130 1134 2168 res
1144 2117 1273 2169 fabrefecit
1284 2120 1364 2171 simite
1374 2121 1478 2186 euripo,
1699 2184 1702 2189 .

1004 2205 1095 2256 utinam
1104 2220 1163 2256 vero
1175 2210 1200 2257 et
1212 2208 1272 2256 artis
1285 2208 1471 2273 amplitudinem
1481 2209 1626 2267 effinxisset,

972 2294 1156 2356 amplitudinem
1168 2296 1241 2344 simul
1255 2299 1281 2346 et
1294 2296 1513 2358 pulchritudinem!
1527 2311 1584 2361 queo
1596 2299 1684 2348 natura
1696 2310 1753 2348 sero
1791 2368 1795 2372 .
1874 2302 1878 2309 “

1000 2380 1093 2444 juravit
1106 2396 1112 2424 ι
1127 2382 1251 2432 Parturire
1270 2383 1406 2433 secundum
1422 2398 1470 2434 non
1487 2384 1564 2435 talen.
1665 2384 1752 2448 [enixa

971 2471 1069 2521 duravit
1082 2471 1196 2521 veridicis
1208 2472 1239 2522 de
1251 2473 1338 2523 labiist
1351 2474 1485 2537 Porphyrio
1499 2475 1562 2525 enim

1003 2559 1082 2622 primo
1092 2564 1118 2609 et
1131 2561 1175 2610 soli
1187 2570 1284 2611 ornnem
1296 2562 1365 2611 dedit
1377 2563 1496 2626 gratiam.

1264 2712 1319 2758 353.
1346 2721 1450 2764 aurun.

972 2847 997 2896 si
1008 2847 1099 2898 invidia
1114 2848 1237 2912 quiescat,
1245 2849 1354 2911 judicare
1368 2853 1451 2900 autem
1461 2849 1520 2900 velit
1532 2850 1644 2912 labores,

1003 2948 1089 2986 ornnes
1102 2937 1232 3000 Porphyrii
1247 2941 1323 2987 testes
1335 2941 1393 2987 sunt
1404 2937 1571 2998 conaminnmr

973 3036 1013 3073 nas
1021 3023 1085 3075 torte
1096 3025 1122 3074 et
1135 3023 1218 3075 dicant
1227 3029 1387 3077 numerantes
1401 3027 1551 3077 certamine:

1002 3116 1110 3163 Parvum
1125 3114 1172 3164 lroc
1180 3116 1311 3178 praemium
1324 3118 1476 3165 rot-numero
1489 3114 1610 3165 ranorum.

971 3207 1140 3268 Quaecumque
1151 3204 1215 3255 enim
1231 3206 1328 3270 aurigas
1343 3214 1440 3269 semper
1448 3205 1528 3255 divise
1543 3208 1643 3269 ornant,

1003 3291 1033 3342 iis
1045 3293 1077 3342 ab
1087 3293 1136 3344 hoc
1144 3294 1168 3342 iu
1180 3301 1257 3344 uuum
1270 3295 1390 3354 collectis,
1406 3298 1489 3343 tantus
1503 3293 1628 3358 apperuit.

1266 3435 1321 3481 354.
1344 3443 1450 3485 ALIUD.

972 3563 1084 3612 Reverita
1096 3578 1145 3613 rere
1159 3568 1184 3613 te
1197 3563 1271 3625 urbs,
1288 3578 1304 3612 o
1317 3561 1517 3621 ter-desiderate,
1529 3562 1681 3611 remuucmt:

1003 3651 1099 3701 uolebat
1107 3654 1132 3701 et
1145 3666 1206 3701 auro
1222 3650 1282 3701 :scd
1291 3649 1494 3711 oculos-eomedit
1503 3649 1527 3698 in
1536 3647 1658 3698 Nemesin.

972 3738 997 3787 si
1008 3752 1067 3788 rem
1077 3743 1146 3789 tuem
1158 3752 1247 3790 canens
1257 3752 1305 3789 non
1317 3742 1400 3789 cessat
1411 3736 1554 3789 consuetam
1564 3735 1694 3786 victorium

150 3836 1734 3861 Ἥ

177 3886 212 3933 Ad
224 3887 287 3949 justa
302 3888 431 3936 estendam
444 3889 507 3938 helia
520 3898 600 3939 secuta
614 3907 693 3941 comes
706 3929 713 3952 ,

145 3975 269 4018 lucernum
285 3970 351 4020 iuriis
365 3973 440 4021 sancti
452 3989 506 4023 eum
519 3974 632 4023 culminis
647 3975 741 4026 hostem

177 4061 300 4124 Oppressit
314 4061 410 4109 Pmsina
423 4079 472 4110 non
488 4062 540 4110 siue
552 4066 629 4113 Cacsar
642 4081 703 4130 ope3

145 4146 203 4188 llum
217 4143 302 4190 recidit
313 4146 388 4191 Romu
398 4144 495 4209 jamjam
509 4155 629 4211 pereunte
642 4156 774 4212 tyrannus,

179 4224 310 4288 liberaque
323 4228 427 4275 Ausonio
441 4226 501 4276 luxit
517 4228 542 4276 iu
556 4228 615 4277 orbe
630 4228 689 4280 dies.

144 4313 185 4356 Jus
201 4308 253 4356 ideo
270 4309 382 4373 Princeps
398 4319 464 4358 nctus
477 4308 524 4359 iliis
536 4310 639 4360 reddidit
655 4328 661 4362 ε
677 4320 702 4362 at
717 4323 753 4372 te,

178 4393 325 4457 Porplqric,
339 4391 378 4441 iric
393 4395 472 4458 posuit
485 4395 555 4445 (locta
567 4397 644 4461 polire
658 4412 749 4447 manus.

425 4516 481 4560 351.
498 4518 532 4560 Da
545 4509 634 4562 andern.

144 4627 289 4691 Porphyrie,
304 4628 385 4676 eximii
398 4626 442 4676 tibi
454 4638 509 4676 sunt
524 4638 677 4678 nrunumema
687 4616 790 4690 laboris,

177 4717 232 4759 t'urs
247 4713 345 4760 aduersu
357 4713 429 4760 etinm
441 4729 493 4777 quer
507 4712 552 4761 tibi
565 4722 628 4762 serta
641 4713 716 4764 dedit.

143 4800 260 4843 Exercent
275 4796 338 4844 tlirci
351 4810 410 4859 quos
424 4811 529 4861 narnque
543 4797 666 4862 pericula,
682 4812 745 4845 nnnc
758 4796 808 4855 tros,

176 4880 246 4925 Nune
256 4878 325 4937 illos,
341 4879 421 4926 ludum
438 4889 464 4927 tu
479 4878 535 4927 iacis
547 4895 598 4928 csse
610 4878 673 4928 tibi.'

144 4965 202 5008 ilinc
218 4960 261 5008 tibi
277 4976 373 5023 magnus
385 4958 479 5023 bonos,
493 4970 516 5009 et
531 4962 572 5027 qui
585 4976 633 5009 non
647 4961 732 5026 obtigit
743 4962 785 5011 nili
793 4998 800 5022 ,

178 5050 262 5091 AEneus
279 5054 304 5091 nt
317 5054 397 5091 teneas
409 5052 478 5109 parte
490 5044 514 5091 in
530 5055 631 5108 utraque
643 5045 732 5094 lorum.

426 5162 482 5208 352.
500 5162 536 5206 Dc
549 5158 639 5209 rodem.

143 5261 235 5323 Aurigae
248 5260 350 5308 similem
365 5260 406 5309 dat
417 5261 496 5327 pictor
506 5262 530 5310 in
544 5277 591 5309 rere
603 5260 702 5327 figuram
717 5282 724 5310 r

1007 3902 1071 3950 Artis
1085 3910 1110 3950 at
1121 3919 1135 3950 ο
1146 3903 1238 3952 utinum
1249 3903 1297 3951 rim
1307 3902 1377 3950 simul
1390 3902 1431 3949 ille
1443 3900 1520 3950 daret.
1558 3872 1565 3907 t

971 3981 1076 4048 Vimque
1087 3985 1207 4049 decusque.
1220 3984 1290 4032 simui
1305 3983 1396 4049 stupuit
1411 3986 1502 4031 Natura
1516 3997 1521 4029 ε
1537 3979 1600 4044 quod
1613 3979 1665 4046 lpse

1004 4069 1034 4113 Et
1042 4065 1135 4130 jurans,
1148 4066 1240 4115 Parium
1252 4066 1287 4114 nil
1301 4082 1344 4130 ego
1356 4066 1444 4130 majus,
1457 4064 1500 4112 ait.

970 4149 1064 4198 duravit
1078 4149 1171 4214 liquido
1188 4167 1194 4197 .·
1209 4165 1312 4214 namque
1325 4149 1388 4197 illius
1400 4147 1480 4196 omnia
1491 4154 1609 4211 quaesunt

1005 4236 1105 4281 lltunem
1120 4232 1266 4298 Porphyrius
1278 4233 1370 4298 primus
1386 4242 1410 4280 et
1423 4247 1484 4281 rinus
1497 4229 1581 4280 habet.

1254 4349 1310 4395 353.
1331 4351 1367 4395 De
1380 4345 1470 4395 eudem.

970 4466 993 4514 Si
1010 4466 1085 4514 liuore
1101 4462 1185 4530 procul
1200 4481 1238 4513 res
1252 4463 1431 4528 cognoscenda,
1442 4459 1553 4511 laborum

1004 4546 1130 4612 Porphyrii
1144 4547 1209 4594 testis
1223 4545 1325 4610 quilibet
1337 4560 1388 4594 esse
1398 4552 1476 4610 potest
1491 4560 1497 4593 :

968 4632 998 4678 Et
1008 4644 1134 4678 numerare
1144 4628 1200 4678 velit
1212 4628 1317 4694 quisquis
1328 4627 1474 4686 certamina,
1487 4624 1566 4675 dicet:

1002 4717 1048 4761 Pro
1064 4713 1136 4761 tantis
1145 4712 1238 4760 meritis
1247 4720 1282 4760 cst
1296 4711 1374 4760 honor
1386 4711 1430 4758 iste
1441 4724 1535 4774 parurn.

969 4795 1068 4858 Aurigas
1077 4795 1136 4843 alios
1147 4805 1234 4843 ornant
1248 4810 1301 4859 quae
1314 4790 1420 4857 singula,
1430 4790 1495 4840 solus

1001 4882 1029 4925 In
1044 4893 1069 4926 se
1084 4878 1245 4943 complectens
1259 4877 1354 4938 omnia,
1368 4875 1422 4923 telis
1434 4882 1495 4922 emt.

1252 4990 1309 5046 354.
1327 4992 1363 5038 De
1378 4985 1468 5038 eodem.

968 5097 1056 5142 Grntus
1067 5093 1092 5140 iu
1101 5108 1148 5142 tere
1160 5091 1220 5141 colit
1231 5091 1334 5156 populus
1348 5101 1372 5139 te
1386 5096 1452 5138 totns
1465 5105 1471 5138 ε
1488 5088 1513 5136 iu
1527 5100 1586 5136 auro

1000 5177 1133 5238 Maluerit,
1146 5177 1171 5224 ui
1184 5191 1221 5223 res
1232 5175 1345 5224 insidiosa
1358 5175 1428 5224 toret.

967 5260 1012 5311 sed
1026 5275 1159 5309 memorare
1172 5268 1224 5308 tuas
1235 5275 1283 5307 non
1295 5266 1369 5307 cessat
1382 5255 1488 5306 carmine
1502 5248 1609 5320 palmes,
