3810 5910
201 416 253 495 viij

190 570 265 623 mes,
278 549 389 607 Nathan
410 546 575 624 Chytraeus,
592 544 683 603 Lucas
701 543 869 613 liuterius,
885 542 975 601 lanus

191 648 375 716 Pannonius,
391 647 489 714 ,lanus
502 641 680 713 Cornarius,
695 640 861 700 Gulielmus
873 639 973 697 Cante-

191 765 256 820 rus‚
277 743 421 801 Domitius
454 739 647 814 Calderinns,
686 735 855 794 Vincentius
883 736 976 815 (ipso-

189 864 273 921 poeus
289 841 336 919 (⁴).

230 941 276 998 llle
305 957 399 1014 neque
425 937 531 993 horum
558 952 715 1005 nutrieras,
743 952 839 1009 neque
856 931 974 990 illorum

192 1039 288 1114 fulgor
308 1035 482 1104 absterruit,
510 1044 627 1109 sperata
649 1030 685 1088 ab
711 1030 803 1106 aequis
824 1028 976 1106 judicibus

191 1136 278 1193 venia
295 1152 332 1191 ex
354 1134 417 1209 ipsa
431 1130 545 1188 laboris
563 1129 593 1185 in
609 1127 736 1186 solidum
754 1147 769 1184 a
784 1129 901 1184 nemine
915 1146 975 1184 sus·

192 1231 268 1310 cepti
281 1228 466 1287 lassitudine.
483 1225 555 1283 Nam
568 1238 601 1282 ut
613 1224 755 1281 Martialis
768 1223 859 1280 verba
874 1223 977 1281 leviter

193 1331 344 1387 immutata
356 1323 536 1382 excusationi
556 1320 738 1399 praetendere
752 1320 855 1388 liceat,

500 1467 570 1517 hdie
585 1471 625 1516 est
633 1466 810 1529 epigrammata
820 1465 901 1514 cuiris

310 1548 421 1600 vertere,
432 1540 476 1591 sed
486 1540 564 1589 libros
575 1542 673 1588 vertere
683 1538 781 1587 difficile
791 1543 829 1586 est
841 1538 898 1599 w).

195 1687 281 1748 uliud
291 1683 468 1760 est'seligere
479 1703 547 1760 quae
560 1702 611 1742 sua
624 1698 774 1741 venustate
784 1683 977 1743 alrlrlandinn·

196 1798 253 1855 tur,
279 1800 405 1860 quaeque
429 1792 596 1856 sequentem
620 1778 730 1836 ducunt
753 1779 832 1836 facili
854 1782 976 1851 itinere,

195 1879 280 1951 aliud,
296 1897 348 1957 per
362 1875 495 1934 salebras
512 1895 572 1933 non
587 1876 684 1932 minus
699 1893 785 1952 quam
801 1896 853 1953 per
865 1896 979 1935 amoena

196 1977 232 2035 ad
250 1976 337 2034 linem
361 1992 497 2052 pergere.
517 1972 578 2030 lloc
593 1991 647 2029 nos
668 1974 857 2047 praestitinms
872 1976 976 2052 primi3

196 2073 433 2148 addidimusque,
445 2083 552 2146 prater
565 2069 749 2147 Appendices
757 2069 845 2143 duas,
859 2073 977 2130 alteram

198 2170 348 2244 aldium,
383 2167 502 2226 alteram
542 2167 761 2245 Stephanicam,
790 2189 979 2245 quacumque

227 2370 319 2438 (*)'[1n
330 2372 431 2423 illorum
442 2377 572 2439 poetarum
589 2385 692 2423 recensu
707 2388 722 2422 a
733 2374 820 2423 Grotio
831 2389 878 2424 non
892 2378 979 2426 taren-

196 2442 244 2492 dus
264 2443 364 2493 omnim
382 2444 429 2493 init
443 2443 594 2494 maissiruas
608 2443 721 2508 quidem,
734 2444 780 2495 sed
801 2459 848 2495 non
863 2447 978 2507 ultimus,

197 2512 297 2562 Florens
325 2513 494 2575 ctutstimus,
514 2513 713 2573 Aurelianensis,
738 2516 782 2579 qui
808 2517 888 2566 nostri
911 2522 979 2568 tien·

198 2583 241 2632 rici
258 2584 292 2632 tt*
304 2583 415 2645 pueritiae
427 2585 586 2635 instituendae
599 2585 746 2648 praefuerat,
759 2607 770 2627 «ι
784 2586 821 2635 rir
832 2587 922 2638 litteris
933 2590 979 2639 elc-

197 2653 350 2719 gantloribus
370 2655 438 2705 baud
452 2656 611 2705 mediocriter
627 2656 743 2706 exmltus
756 2677 767 2698 υ
779 2694 785 2714 ,
797 2659 914 2709 Tnuanus
927 2661 978 2720 ait,

197 2733 224 2776 et
236 2725 301 2776 iuter
314 2738 359 2775 sex
374 2725 430 2776 illos
447 2731 549 2791 satyrae
567 2729 711 2792 ,vmppcae
725 2731 842 2777 auctores
853 2743 979 2780 memora-

198 2801 248 2849 tus.
262 2797 321 2861 Ejus
341 2797 522 2862 Epigrammata
535 2813 566 2848 cx
586 2798 657 2849 libris
672 2800 826 2863 anthologia}
841 2815 927 2864 greca
939 2816 978 2852 sc·

198 2870 262 2919 lecta
275 2871 300 2918 ct
316 2868 399 2918 latinis
416 2869 531 2919 versinus
547 2871 644 2920 reddita
666 2870 809 2934 prodierunt
831 2873 939 2933 Parisiis,
955 2889 978 2924 a.

201 2950 260 2996 tant
277 2946 340 3009 (θ’),
357 2946 425 3011 typis
435 2948 498 2998 Rob.
513 2948 639 3012 Stephani.
654 2949 769 2999 ilrincas
786 2949 842 2998 illas
854 2951 979 2999 versionaa

199 3029 246 3067 non
256 3017 341 3068 omisit
356 3018 466 3068 Andreas
478 3019 581 3070 Ririnas
597 3021 622 3070 in
633 3021 687 3070 suis
697 3020 853 3072 chiliadibua
864 3025 919 3072 tum
929 3026 980 3074 cdi-

199 3089 231 3137 tis
244 3091 298 3138 tum
310 3088 408 3138 ineditis
422 3090 466 3152 (r.
489 3090 598 3140 Jacobsii
618 3090 714 3155 Ptelea„
739 3092 799 3141 min.
813 3095 833 3142 t.
854 3094 874 3153 I,
888 3108 912 3157 p.
934 3098 979 3148 lix

200 3159 303 3221 huiusce
314 3160 391 3224 edit.)
406 3181 413 3210 ι
429 3161 494 3210 unde
508 3160 584 3211 etiam
601 3163 729 3214 nonnullas
744 3177 829 3212 carum
851 3179 907 3213 cnm
925 3168 978 3217 ratiis

1029 545 1285 621 epigrammatum
1305 547 1529 624 praeclarissimo
1547 547 1774 626 lnscriptionunr
1799 572 1816 609 a

1030 641 1158 700 Grutero
1173 641 1317 700 editarum
1330 642 1466 718 leguntur
1484 664 1589 721 opere,
1605 659 1744 722 praeterea
1760 649 1816 707 alia

1032 739 1156 815 sparsim
1185 753 1312 817 reperta.
1340 740 1436 799 Nolim
1457 761 1492 798 eo
1518 745 1631 801 inormi
1656 743 1813 818 lectorem,

1032 835 1110 912 quod
1125 836 1256 913 quaedam
1271 836 1377 895 horum
1392 840 1635 915 epigrammatum
1657 841 1757 902 verbis
1770 845 1803 902 in

1032 931 1145 989 terdum
1161 933 1295 990 nonnihil
1312 934 1522 992 dissidentibus
1537 936 1615 1012 apud
1632 939 1814 1014 Athenaeum,

1031 1029 1191 1104 Diogenem
1221 1018 1384 1104 laertium,
1409 1031 1541 1106 aliosque
1573 1035 1710 1110 reperiet.
1741 1035 1814 1094 Cum

1031 1123 1107 1181 enim
1120 1144 1221 1181 verum
1235 1144 1350 1183 sensum
1362 1125 1480 1183 liaberet
1493 1126 1544 1184 illa
1558 1129 1714 1206 scriptura,
1729 1152 1831 1208 qnam¹

1032 1223 1063 1278 in
1091 1221 1239 1281 veteribus
1267 1223 1353 1280 libris
1377 1224 1448 1281 olim
1475 1225 1621 1285 l‘lanudes
1647 1232 1815 1308 conspexit,

1032 1318 1138 1397 deinde
1153 1318 1326 1390 Salmasius,
1352 1323 1538 1379 temerarium
1564 1324 1656 1382 suerat
1678 1345 1741 1384 eam
1761 1329 1816 1386 im-

1033 1430 1143 1473 mutare
1157 1417 1192 1474 ad
1209 1418 1327 1475 illorum
1343 1419 1544 1485 recitationes,
1560 1424 1610 1497 qui
1626 1442 1716 1501 saepe,
1733 1424 1817 1484 libris

1032 1500 1220 1585 inconsultis,
1246 1515 1364 1589 ingenio
1393 1536 1478 1592 quam
1518 1520 1658 1575 memoria
1687 1520 1818 1581 feliciore

1034 1623 1195 1685 posuerunt
1216 1612 1294 1687 quod
1312 1632 1369 1668 non
1386 1614 1528 1690 scriptum
1547 1614 1657 1691 suerat,
1674 1616 1725 1674 sed
1736 1620 1816 1694 qnod

1033 1705 1122 1763 scribi
1137 1727 1219 1782 arque
1234 1721 1378 1785 potuerat.
1392 1710 1465 1768 Sunt
1484 1726 1512 1768 et
1531 1712 1662 1787 qnaedam
1676 1713 1731 1772 sub
1746 1715 1816 1784 aller

1035 1804 1081 1861 nis
1101 1805 1197 1879 titulis
1211 1826 1228 1863 a
1250 1806 1381 1865 Planude
1405 1808 1560 1879 collocata,
1576 1809 1605 1866 in
1622 1823 1704 1887 parte
1720 1800 1818 1889 sepul-

1034 1900 1104 1957 crali
1120 1903 1246 1959 maxime
1264 1924 1270 1958 :
1287 1903 1337 1960 sed
1358 1903 1408 1960 illa
1430 1905 1491 1961 suis
1508 1905 1661 1962 restituere
1681 1905 1768 1978 locis,
1790 1922 1819 1965 et

1034 1995 1139 2053 addere
1154 2016 1218 2073 qnae
1232 1998 1263 2053 in
1279 2000 1470 2070 accessiones,
1486 1999 1606 2056 fortuito
1621 1999 1727 2059 ordine
1741 2014 1774 2059 ut
1788 2022 1819 2060 se

1034 2090 1156 2162 dabant,
1173 2091 1289 2150 anobis
1306 2093 1437 2169 conjecta
1451 2107 1535 2166 suut,
1551 2093 1740 2153 arbitrarium
1758 2101 1818 2154 cui·

1035 2208 1092 2263 que
1107 2202 1178 2247 esto.
1196 2188 1261 2257 Qua
1285 2190 1401 2249 facilius
1417 2194 1455 2248 sit
1482 2192 1625 2268 reperire,
1642 2193 1755 2269 siquid
1778 2194 1818 2252 le·

1035 2299 1111 2341 ctum
1129 2287 1255 2362 requirit
1270 2288 1396 2357 animus,
1413 2288 1590 2364 scriptorum
1617 2290 1737 2347 nomina
1751 2311 1816 2348 cunr

1035 2382 1095 2440 suis
1118 2382 1272 2461 operibus,
1288 2398 1317 2441 et
1345 2403 1402 2455 res,
1424 2404 1573 2461 personas,
1599 2386 1662 2443 loca
1683 2386 1819 2445 denotata

1035 2477 1148 2535 elenchi
1163 2478 1429 2552 exhibebunt,ante
1444 2479 1531 2538 editis
1543 2500 1601 2538 non
1615 2485 1702 2559 paulo
1719 2483 1819 2542 melio-

1035 2564 1081 2632 res
1093 2577 1304 2652 auctioresque.

1035 2796 1088 2842 Jos.
1106 2796 1234 2858 scaligeri,
1250 2798 1279 2845 D.
1296 2796 1389 2845 ileinsii
1404 2797 1559 2859 aliommque
1572 2797 1705 2861 descripsit
1721 2799 1752 2848 ad
1767 2800 1820 2851 cat-

1034 2877 1087 2913 cem
1096 2865 1197 2915 editiah
1211 2880 1237 2916 se
1253 2867 1368 2931 Meleagri
1384 2870 1422 2916 Fr.
1434 2867 1549 2922 Granius.
1563 2880 1638 2929 <ruem
1650 2868 1706 2918 side
1716 2874 1742 2918 et
1752 2870 1819 2921 Prae·

1042 2935 1142 2983 tationis
1160 2951 1184 2999 p.
1200 2937 1306 2999 xxiii]

1066 3010 1114 3066 t··t
1128 3008 1196 3067 run
1210 3010 1265 3063 vn,
1278 3021 1317 3071 ep.
1329 3014 1368 3070 aa,

1359 3120 1425 3163 facile
1438 3124 1472 3165 est
1485 3121 1645 3174 epigraminata
1656 3119 1713 3165 bello

1220 3179 1330 3234 scribere,
1339 3180 1378 3226 aed
1388 3180 1471 3223 tibrum
1481 3181 1580 3225 scribere
1589 3179 1682 3225 difficile
1692 3181 1746 3236 canl
1770 3212 1772 3217 .
