3810 5910
688 406 943 470 ANTHOLOGIAE
964 410 1167 473 PALATINAE

369 546 436 597 180.
460 538 652 598 banaian.

154 681 179 739 Τ
180 681 232 760 ύχη
246 682 436 753 καπηλεύουσα
452 683 539 744 πάντα
551 687 595 746 τὀν
611 687 676 766 βίον,

155 769 350 850 άσυγκίραστον
362 771 498 853 τὴνφύσιν
511 775 678 855 κικτημίνη,
757 836 762 845 ,

154 857 199 916 καὶ
216 865 376 936 συγκυκῦισα
391 862 436 921 καί
448 864 620 940 μεταντλοῦσ’
632 856 667 929 ού
680 868 768 938 πάλιν,

153 946 238 1019 auberi
250 949 371 1020 κάπηλός
382 951 439 1010 ient
452 957 498 1011 νῦν
510 976 563 1025 τις,
573 956 601 1013 ού
618 953 679 1028 δεδι,

152 1034 248 1115 τέχνην
262 1037 382 1117 λαχοῦσα
393 1038 442 1112 τὴν
452 1040 555 1120 τρόπων
570 1042 689 1112 ἐπαξίαν.

371 1191 434 1242 181.
453 1193 513 1240 ΤΟΥ
531 1195 638 1244 ΑΥΤΟΥ.

152 1315 377 1398 Ἇνεστράρησαν,
388 1320 425 1386 ὡς
439 1322 505 1398 ὁρῶ,
517 1319 551 1380 τὰ
565 1319 727 1400 πράγματα,

151 1406 197 1464 καί
211 1399 258 1475 riv
274 1403 369 1487 Τύχην
381 1414 426 1467 νῦν
444 1409 625 1489 δυστυχοῦσαν
643 1409 754 1488 εἴδομεν.

371 1550 433 1602 188.
451 1553 512 1599 ΤΟΥ
529 1554 635 1602 mot.

1221 561 1272 606 tau.
1291 560 1444 611 pribabit

975 695 1082 744 Fortuna
1092 708 1231 760 muponans
1242 700 1322 749 totam
1335 700 1412 752 dmm
1423 700 1574 768 bominum,

973 779 1160 846 intemperatam
1174 787 1288 837 naturam
1296 787 1437 851 possidens,

973 871 999 918 at
1011 869 1164 922 contundens
1177 875 1203 923 et
1215 875 1390 927 transfundens
1399 892 1486 929 rursus
1494 879 1590 932 iterum

974 957 1063 1022 etipsa
1076 971 1138 1023 oopa
1150 974 1216 1012 nuuc
1225 966 1265 1014 sat
1275 964 1366 1027 aliqua,
1378 979 1427 1016 non
1438 965 1492 1025 dea,

973 1052 1052 1101 artem
1067 1052 1155 1104 sortita
1168 1055 1279 1107 moribus
1289 1059 1441 1124 condignam.

1215 1208 1267 1254 181.
1289 1216 1439 1260 FJUSDFM.

972 1342 1081 1392 inversa
1090 1348 1157 1405 sunt,
1169 1348 1199 1395 ut
1210 1344 1292 1407 rideo,
1302 1359 1351 1408 res,

971 1430 998 1479 et
1010 1429 1143 1482 Fortunam
1157 1445 1223 1484 nune
1234 1432 1409 1485 infortunatam
1417 1435 1531 1486 videmus

1220 1565 1273 1612 aaa.
1295 1568 1440 1612 musana.
1626 1608 1728 1672 [nuistta

112 1675 165 1733 Καὶ
179 1673 211 1733 oia
227 1676 303 1756 Τύχη
322 1677 465 1755 δέσποινα,
481 1675 565 1758 τύχην
581 1681 667 1758 ἀτυχῆ
683 1679 760 1739 πόθεν
778 1682 873 1761 ἔοχες;
939 1687 972 1736 Et
985 1689 1021 1746 tu,
1033 1689 1141 1738 Fortuna
1153 1689 1262 1754 domina,
1273 1691 1394 1741 fortunam
1410 1691 1589 1743 infortunatam
1599 1693 1665 1744 unde
1680 1694 1723 1743 ba-

151 1769 167 1836 η
181 1763 337 1846 παρέχουσα
348 1767 431 1847 τύχας
444 1772 501 1836 πῶς
516 1769 617 1850 ἀτυχὴς
629 1771 753 1848 ’sinotum
781 1775 783 1778 Α

972 1789 1030 1840 quaa
1039 1776 1136 1841 praebes
1150 1778 1262 1830 sommas
1274 1779 1398 1843 quomodo
1407 1780 1686 1832 infortunataevasistir

111 1854 235 1914 Μάνθανε
243 1856 289 1914 καὶ
301 1854 333 1915 οδ
344 1856 431 1937 φέρειν
443 1854 477 1916 ri
487 1856 523 1916 σίι
534 1861 664 1939 ῥεύματα,
674 1859 720 1918 καὶ
730 1859 763 1919 οδ
771 1861 895 1920 διδάσκου
939 1864 1013 1915 nisos
1023 1869 1050 1916 et
1061 1869 1090 1916 tu
1105 1867 1169 1918 terre
1181 1871 1238 1918 tuos
1251 1868 1354 1929 fluctus,
1370 1872 1398 1918 tu
1410 1881 1512 1933 quoque
1522 1869 1633 1920 damaris

149 1941 196 2009 τὰς
210 1947 315 2016 ἀτυχεῖς
329 1946 458 2024 πτώσεις,
474 1945 506 2012 ἃς
521 1947 647 2026 παρέχεις
659 1947 765 2028 ἑτέροις.

289 2066 293 2075 ’
368 2095 428 2146 rsa.
448 2097 510 2144 nor
529 2097 633 2144 arnor.

109 2215 164 2275 Καὶ
180 2215 211 2276 σὺ
226 2216 304 2297 Τύχη
324 2217 416 2277 λοιπὸν
432 2218 653 2296 μιταάαλλομίνη
668 2222 849 2294 καταπαίζου,

148 2303 216 2381 μηδὲ
232 2305 316 2386 τύχης
328 2310 375 2378 τῆς
390 2310 437 2378 σῆς
449 2307 551 2366 ὕστατα
564 2308 725 2387 percupiam·

107 2396 125 2463 ἣ
140 2392 201 2471 πρὶν
213 2393 275 2464 νηὸν
287 2391 400 2473 ίχουσα,
412 2394 573 2467 καπηλεύεις
585 2395 653 2473 μετὰ
666 2400 762 2477 γῆρας,

148 2483 298 2560 θερμοδότις
311 2485 434 2562 μερόπων
445 2489 489 2543 νῦν
505 2485 712 2564 άναφαινομένη.

970 1952 1134 2006 infortunatus
1145 1969 1218 2007 casus
1230 1970 1293 2020 qnos
1304 1956 1401 2022 praebes
1409 1959 1499 2008 esteris

1222 2099 1273 2144 tab.
1296 2105 1443 2148 mutuent.

941 2225 973 2274 Et
984 2228 1021 2286 tu,
1035 2226 1150 2285 Fortuna,
1163 2223 1278 2288 deinceps
1290 2228 1395 2286 mutata,
1410 2226 1542 2286 deluditur,

969 2324 1019 2363 nou
1030 2311 1137 2362 tertuum
1148 2315 1201 2362 tute
1214 2317 1353 2363 extremum
1366 2327 1470 2378 parcens
1483 2351 1489 2362 .

939 2413 996 2464 quaa
1008 2398 1078 2465 prius
1092 2400 1212 2464 templum
1232 2399 1350 2459 babebas,
1364 2414 1499 2466 oauponam
1517 2402 1593 2454 babes
1610 2411 1666 2468 post
1685 2419 1722 2457 se·

970 2486 1227 2552 caldas-dispensatrix
1240 2487 1368 2539 hominum
1380 2502 1446 2539 uuae
1453 2503 1581 2555 apparens.
1608 2491 1721 2557 [uocum.

107 2573 163 2631 Νῦν
175 2571 251 2639 ὁσίως
263 2573 337 2632 στίνε
349 2571 394 2631 καὶ
408 2571 441 2633 σὺ
459 2573 517 2633 τεὸν
533 2573 627 2647 πάθος,
643 2575 741 2634 durare
759 2577 865 2654 δαῖμον,
939 2579 1009 2629 Nune
1032 2577 1115 2628 utras
1129 2579 1168 2627 est
1183 2589 1254 2641 geme
1267 2576 1342 2627 etiam
1356 2581 1384 2628 tu
1405 2582 1477 2628 tuum
1497 2592 1591 2641 mum,
1603 2579 1722 2632 instabitis

147 2658 196 2731 τὴν
211 2657 270 2735 σὴν,
283 2664 320 2728 ὡς
332 2660 466 2741 μερόπων,
477 2667 524 2721 νῦν
535 2663 687 2740 μετάγουσα
699 2667 789 2744 τύχην.

358 2806 420 2858 184.
439 2810 641 2858 memnonos.

110 2931 238 3010 Πίνδαρε,
257 2933 390 2993 Μουσάων
403 2934 472 3014 ἱερὸν
484 2934 587 3014 στόμα,
599 2937 645 2995 καὶ
658 2937 723 2996 λάλε
734 2939 841 3016 Σειρὴν,

150 3021 319 3102 Βακχυλίδη,
331 3023 459 3102 Σαπφοῦς
468 3027 492 3082 τ’
503 3024 622 3091 Αἰολίδες
633 3024 752 3105 χάριτας,

968 2664 1724 2733 tuam,utbonunum,nuuotransmutaustortunem.[damou,

1217 2811 1268 2856 184.
1291 2818 1452 2860 abortant.

939 2944 1054 3006 Findere,
1066 2947 1194 2995 Musarum
1205 2958 1304 2994 sacrum
1317 2957 1355 3007 os,
1367 2948 1393 2996 et
1406 2948 1435 2996 tu
1445 2947 1543 3010 garrula
1553 2945 1632 3010 Siren,

974 3029 1128 3094 Bauatylide,
1141 3030 1303 3094 sapphusqua
1318 3031 1428 3083 AEolidas
1441 3032 1536 3096 gratia,

108 3110 123 3140 ⁴
134 3109 246 3187 γράμμα
259 3110 281 3166 τ’
292 3110 496 3192 Ἀνακρείοντος,
512 3110 659 3192 Ὁμηρικὸν
670 3111 697 3180 ός
709 3113 734 3171 τ’
744 3115 796 3174 ἀπὸ
807 3117 892 3196 ῥεῦμα
940 3120 1077 3183 mnusque
1089 3118 1255 3177 Anacreontis,
1269 3122 1296 3168 et
1308 3120 1351 3182 qut
1365 3121 1524 3170 Itonrericum
1536 3121 1658 3172 fluentum

148 3195 267 3265 ἔσπασας
282 3198 400 3273 οἰκείοις,
412 3202 565 3282 Στησίχομ,
578 3206 604 3262 ἐν
615 3201 761 3280 καμάτοις,

971 3207 1096 3258 attraxisti
1108 3207 1221 3272 propriis,
1233 3221 1249 3258 ο
1263 3208 1410 3271 stesichoro,
1425 3209 1450 3258 in
1462 3209 1598 3270 laboribus,

68 3313 81 3349 a
108 3285 170 3359 ἥτε
187 3289 342 3364 Σιμωνίδεω
359 3289 473 3370 γλυκερὴ
494 3291 582 3367 οελὶς,
599 3291 647 3362 ἡδύ
663 3314 692 3350 τε
704 3294 831 3364 Πειθοῦς,
940 3302 1016 3362 atque
1028 3297 1160 3348 Simonidis
1169 3297 1249 3350 dulus
1259 3299 1354 3364 pagina,
1365 3313 1516 3364 suavemque
1524 3301 1627 3365 Suadet,

147 3372 258 3449 Ἷὸυκε,
274 3377 320 3436 καὶ
335 3381 437 3437 παίδων
453 3380 526 3445 ἄνθος
543 3381 712 3458 άμησοίμενε,

109 3465 154 3523 καί
167 3464 235 3545 ξίφος
247 3466 376 3526 Ἀλκαίοιο
388 3469 436 3541 ‚ri
448 3468 575 3536 πολλάκις
590 3460 657 3544 αἷμα
667 3472 796 3550 τυράννων

149 3552 279 3626 ἔσπεισεν,
295 3556 398 3636 πάτρης
410 3558 505 3634 θέσμια
519 3559 654 3637 ῥυόμενον,

109 3646 262 3721 θηλυμελεῑς
274 3648 296 3701 τ’
309 3645 453 3722 Ἀλκμᾶνος
467 3650 590 3719 ἀηδόνες,
603 3646 694 3720 iture,
706 3651 793 3721 πάσης

58 3758 81 3793 νυ
150 3731 233 3813 ἀρχὴν
245 3732 270 3792 oi
282 3734 391 3814 λυρικῆς
405 3736 450 3793 καί
460 3738 542 3817 πέρας
558 3737 698 3798 ἕστοίσατε.

435 3904 490 3951 180.
510 3918 635 3951 naamon.

138 4003 244 4049 Fortuna
263 4000 337 4049 sitam
352 4016 406 4066 que
417 4001 480 4051 solet
494 4000 641 4049 contundere

137 4083 177 4135 Sia
188 4084 335 4150 obseqmmr
348 4093 376 4134 ut
389 4084 453 4135 bona
462 4084 524 4134 nulii
535 4083 598 4147 tide,

136 4167 183 4218 Sed
195 4166 280 4217 hausta
294 4154 379 4218 turbe't
389 4183 486 4235 semper
499 4177 524 4217 et
536 4183 631 4216 rursum
642 4165 752 4225 hananiam

137 4251 250 4316 caupona
263 4267 328 4301 uuna
339 4261 375 4302 est
387 4251 450 4302 iacta
463 4269 516 4318 quae
529 4251 606 4301 iuerat
618 4251 669 4306 dea,

137 4336 168 4384 Et
179 4343 266 4384 tractat
279 4344 356 4387 artem
371 4336 479 4385 moribus
492 4334 587 4399 dignam
601 4351 656 4384 suns.

434 4437 489 4483 181.
508 4449 627 4485 rinnau.

138 4539 209 4587 Naue
223 4537 283 4586 ordo
297 4553 377 4586 rerum
394 4551 467 4601 quam
480 4534 512 4583 sit
525 4534 633 4584 inversus
646 4534 722 4593 rides,

138 4621 246 4669 Fortuna
257 4620 355 4685 quando
364 4619 427 4684 jacet
441 4616 466 4666 in
481 4616 623 4667 infortunio.

400 4710 455 4758 182.
474 4727 592 4761 uuaonx.

109 4791 178 4841 Unde
195 4808 288 4858 precor,
300 4797 417 4850 Fortuna,
430 4793 474 4843 tibi
487 4794 581 4844 Fortuna
594 4796 695 4860 maligna
707 4799 760 4844 est?

141 4875 270 4939 Quomodo
281 4876 408 4942 deprendit
420 4893 471 4927 sors
483 4879 546 4928 mala
559 4877 630 4928 sortis
643 4877 747 4928 beram?

108 4959 180 5008 Disce
193 4966 245 5009 tuas
254 4961 363 5020 sentire,
375 4960 424 5010 aies
436 4977 495 5027 quas
507 4961 633 5026 omnibus,
645 4963 734 5026 undas,

141 5044 255 5108 Quasque
263 5042 326 5092 vices
338 5043 391 5093 aliis
401 5042 469 5108 fingis
483 5053 508 5093 et
521 5043 571 5110 ipae
582 5047 641 5110 pati.

408 5147 464 5193 183.
482 5160 601 5196 uuonan.

108 5241 144 5288 Tu
156 5254 252 5306 quoque
260 5240 327 5305 jam,
337 5243 458 5302 Fortuna,
469 5241 537 5292 dabis
548 5241 654 5292 ludibria
667 5242 751 5301 uobis,

913 3372 917 3473 J
972 3385 1054 3449 tbyce,
1068 3390 1094 3437 et
1104 3399 1240 3450 puerorum
1254 3387 1340 3438 ssmem
1351 3387 1545 3452 qui-messuisti,

939 3475 1041 3526 atensis
1049 3474 1134 3537 Alooei,
1144 3474 1188 3538 qui
1202 3488 1270 3538 sapa
1280 3489 1393 3527 eruorem
1402 3479 1561 3540 tyrannorum

970 3563 1066 3626 libavit,
1076 3564 1163 3629 patriae
1173 3563 1285 3615 instituta
1293 3567 1374 3626 tuens,

941 3656 966 3704 et
972 3651 1274 3703 femineum-modulantes
1278 3652 1403 3704 alamanis
1409 3652 1530 3712 luscinia,
1540 3653 1629 3717 favete,
1637 3657 1718 3707 omnia

972 3742 1070 3792 initium
1084 3742 1126 3806 qni
1139 3741 1340 3806 lyricas—poeseos
1351 3744 1377 3793 et
1389 3741 1464 3792 tinem
1477 3742 1648 3794 constituistis.

973 3908 1033 3969 Que
1047 3920 1092 3953 neo
1104 3903 1209 3953 fortune
1222 3902 1325 3952 mumiis
1336 3903 1386 3967 ipsa
1401 3912 1455 3952 ture.

940 3989 1079 4053 cauponam
1090 3984 1216 4051 grandem
1227 3995 1328 4047 tensus,
1342 4000 1394 4049 quae
1406 3985 1496 4050 templa
1512 3985 1623 4047 tenebas,

972 4073 1000 4119 In
1014 4067 1102 4120 bacehi
1118 4068 1221 4118 mlidam
1233 4068 1320 4134 poeula
1333 4066 1413 4117 tundis
1424 4084 1520 4133 aquam.

939 4157 993 4221 Ipsa
1005 4163 1059 4204 tuos
1072 4153 1169 4203 tandem
1181 4152 1218 4202 ier
1231 4153 1294 4201 Diva
1308 4151 1426 4202 lenissima
1438 4170 1521 4212 matrs,

971 4239 1050 4300 Quam
1062 4235 1142 4284 inieras
1153 4233 1206 4283 niiia
1217 4250 1265 4283 non
1279 4233 1323 4283 tibi
1338 4232 1384 4283 iida
1399 4235 1480 4300 magis.

1239 4327 1294 4383 ras.
1314 4342 1424 4375 racana-r.

1201 4415 1236 4459 De
1253 4426 1334 4458 novem
1354 4409 1454 4476 lyricis.

937 4501 1039 4552 Findere
1053 4507 1177 4553 Musarum
1189 4518 1256 4552 saara
1268 4517 1328 4559 vox,
1339 4510 1364 4550 et
1377 4502 1472 4565 garrula
1485 4504 1553 4551 siren

971 4583 1135 4650 baoobytidn,
1146 4582 1256 4650 Seppiuis
1268 4593 1293 4633 et
1304 4586 1388 4632 Venus
1405 4582 1483 4633 AEolia
1495 4599 1503 4643 ;

939 4667 1081 4734 Scriptaque
1095 4667 1274 4724 Anacreionbs,
1287 4665 1415 4716 Homerica
1426 4665 1516 4732 quique
1527 4665 1631 4725 ilueuta,

970 4750 1121 4813 Stesichore,
1139 4752 1164 4800 in
1177 4752 1279 4818 lyricum
1294 4761 1342 4799 tam
1359 4749 1420 4799 bene
1432 4749 1505 4798 sertia
1518 4764 1591 4814 ομιτ,

937 4831 1020 4882 Dulcia
1031 4843 1056 4882 et
1068 4843 1124 4882 ante
1135 4833 1194 4882 aiias
1209 4843 1234 4882 tu
1247 4832 1332 4882 charta
1345 4829 1489 4889 Simonidis,
1504 4838 1528 4878 et
1544 4838 1568 4877 tu

971 4917 1059 4983 ibyce,
1073 4917 1113 4967 eui
1126 4917 1197 4967 tiores
1210 4917 1287 4967 Suada
1300 4916 1341 4964 dat
1352 4924 1376 4964 et
1392 4912 1472 4980 pueri,

937 4999 1004 5047 Ensis
1018 5007 1043 5048 et
1055 5000 1128 5050 Alcaei
1142 5000 1308 5048 dominantum
1320 4995 1433 5060 sanguine
1447 4994 1535 5055 timete,
1631 5035 1634 5042 .

969 5085 1034 5132 Dum
1046 5083 1134 5132 mustis
1145 5084 1232 5149 patria
1243 5083 1333 5146 iegibus
1346 5077 1483 5144 obsequeris
1490 5093 1499 5139 ς

937 5169 967 5215 Et
979 5165 1030 5215 iace
1042 5166 1148 5231 virginea
1155 5166 1257 5232 flagrans
1268 5163 1390 5215 Alcmonis
1402 5162 1489 5221 aedon,

972 5248 1065 5298 Desinit
1078 5249 1103 5298 iu
1115 5248 1197 5308 vobis,
1210 5256 1315 5314 ooeperat
1332 5246 1395 5295 unde
1408 5245 1468 5311 lyra.
