3810 5910
534 334 657 394 cnl‘ttr
678 335 727 394 IX.
751 334 1032 398 rlrlcunlttlttnrn
1053 337 1387 399 numonsrttartvn.

306 477 372 526 tro.
396 468 589 525 'lttltntol
611 468 785 528 ΣΑΒΙΝΟΥ.
1222 490 1276 534 iro.
1294 487 1399 536 rotun
1415 488 1524 537 suarm.

158 609 287 684 Σμίνθος,
300 614 314 668 ὁ
328 609 452 681 παντοίης
464 611 549 675 δαιτὸς
564 613 664 690 λίχνος,
680 611 736 671 οὐδὲ
751 614 868 690 μυάγρης

197 699 293 771 δειλὸς,
305 703 319 757 ὁ
332 703 384 757 κοίκ
399 699 509 757 θανάτου
524 699 616 780 κέρδεα
630 700 786 776 λῃζόμενος,

147 787 310 857 -νευρολύλον
325 785 428 846 Φοίδου
440 787 537 866 χορδὴν
553 787 646 864 θρίοεν·
661 791 678 857 ἡ
694 789 716 844 δ’
730 788 772 844 ἐπὶ
784 792 870 867 πῆχυν

197 875 325 946 ἑλκομένη
340 874 416 953 θηρὸς
427 874 522 950 λαιμὸν
535 873 716 953 άπεὸρόχισεν.

156 962 246 1028 Τοῖων
261 962 397 1041 εὐστοχίην
411 964 587 1039 θαυμάζομεν·
603 963 629 1028 ὃς
643 965 670 1022 δὲ
686 967 743 1022 κατ’
760 967 790 1042 ἐχ
808 969 857 1044 ρῶν

197 1053 249 1126 ἤδη
263 1052 308 1111 καὶ
322 1053 431 1131 κιθάρην
443 1049 567 1130 εὔστοχον
581 1051 660 1112 ὅπλον
675 1052 738 1132 ἔχει.

983 628 1053 684 llus,
1067 627 1201 690 omnigenae
1211 627 1280 690 dapis
1288 627 1404 690 cupidus,
1415 643 1494 692 neque
1504 630 1647 694 muscipulae

1012 712 1128 776 timidus,
1138 716 1180 779 qui
1188 718 1225 766 cel
1236 730 1250 766 c
1261 722 1340 767 morte
1351 718 1419 767 lucra
1429 717 1563 783 praedatur,
1681 773 1686 788 ι

983 801 1150 866 nerviloqusm
1160 802 1244 853 thbi
1252 804 1367 854 chordam
1377 805 1444 868 rupit
1461 826 1467 855 :
1482 805 1537 856 haec
1546 808 1666 858 nummati
1676 807 1761 874 jugum

1014 892 1118 940 attracta
1131 890 1216 942 bestia
1226 895 1311 955 guttur
1322 893 1460 944 sntlocarit.

982 981 1061 1027 arcus
1069 980 1252 1029 eertum-ictum
1264 980 1382 1029 miramur
1395 981 1452 1031 :ille
1464 995 1523 1032 vero
1536 983 1600 1033 ἀειιε
1608 985 1634 1034 ln
1643 984 1727 1037 hostes

1010 1066 1061 1128 jam
1076 1070 1101 1116 et
1116 1065 1233 1117 citharam
1248 1067 1387 1117 certi-ictus
1401 1081 1469 1118 anna
1478 1069 1560 1120 habet.

412 1205 480 1255 411.
505 1196 687 1256 Mentior.

156 1333 288 1396 'llltaxr’
300 1336 422 1410 ἐξαπίνης
433 1337 589 1416 Κορνήλιος,
603 1337 657 1396 οὐδ’
669 1337 706 1396 ἐτι
722 1340 785 1418 λιτῷ

196 1426 322 1506 τέρπεται
336 1423 458 1505 ἡμετέρῳ
473 1428 635 1507 μουσοχαρεῖ
648 1427 739 1506 βιότῳ·

156 1514 255 1591 κούρης
270 1515 293 1572 δ
306 1516 441 1594 αἰωρεῖται
455 1515 501 1596 ἀπ’
512 1515 631 1583 ἐλπίδος·
644 1513 730 1574 οὐκέτι
745 1517 767 1573 δ’
781 1520 857 1592 ἡμεῖς

196 1606 219 1661 oi
234 1603 331 1682 πάρος,
343 1604 401 1662 ἀλλ’
416 1603 505 1682 ἐτίρης
517 1605 619 1670 ἴΛπίδος
635 1603 806 1682 ἐκκρέμαται.

158 1689 292 1764 Είκωμεν,
308 1691 396 1770 ψυχή·
410 1691 629 1767 πεπαλαίσμεθα,
646 1691 712 1769 μηδὲ
729 1695 834 1770 βιάζου·

196 1783 231 1845 εἰς
243 1780 337 1860 ἔδαφος
349 1780 443 1857 τέχνης
457 1781 555 1855 κείμεθ’
569 1782 613 1836 ὑπ’
628 1781 763 1859 ἀργυρέης.

381 1931 448 1981 ιιι.
471 1921 711 1980 nlnoattllor.

154 2061 228 2133 Ἤδη
243 2061 289 2121 καί
303 2062 376 2140 ῥόδον
389 2058 459 2132 ἐστί,
471 2059 516 2118 καὶ
531 2059 655 2134 ἀκμάζων
673 2058 815 2138 έρίὸινθος,

195 2152 242 2209 καί
255 2151 348 2208 καυλοί
362 2146 503 2224 κράμθης,
520 2148 645 2220 Σωσύλε,
660 2148 845 2227 πρυιτοτόμου,

154 2240 200 2300 καὶ
215 2238 297 2318 μαίνη
306 2238 320 2264 *
331 2238 495 2314 ζαλαγεῦσα,
508 2237 553 2296 καὶ
567 2239 714 2317 ιἰρτιπαγης
727 2237 861 2316 ἁλίτυρος,

194 2327 240 2387 καὶ
255 2326 382 2406 θριδάκων
394 2325 477 2386 ούλων
488 2325 608 2406 &popuii
621 2327 735 2384 πέταλα.

155 2418 250 2493 Ἡμεῖς
264 2418 288 2475 δ’
303 2415 358 2474 οὔτ’
372 2419 454 2488 ἀκτῆς
468 2415 645 2492 ἐπιὸαίνομεν,
659 2415 712 2473 οὔτ’
727 2418 753 2472 ἐν
770 2416 864 2497 ἀπύψει

193 2506 322 2585 γινόμεθ’,
335 2507 370 2571 ὡς
385 2505 454 2577 αἰεί,
471 2506 580 2565 Σωσύλε
589 2549 598 2578 ,
614 2504 643 2563 τὸ
659 2502 799 2582 πρότερον;

154 2599 209 2659 Καὶ
223 2598 277 2673 μὴν
291 2595 434 2672 Ἀντιγένης
448 2594 494 2653 καὶ
508 2593 623 2673 Βάκχιος
637 2593 710 2671 ἐχθὲς
724 2592 838 2662 ἔπαιζον·

193 2692 238 2744 νῦν
249 2684 273 2744 δ’
288 2684 381 2752 αύτοθς
393 2683 475 2763 θάψαι
489 2683 602 2762 σήμερον
618 2681 772 2761 ἐκφέρομεν.

267 2832 336 2884 413.
359 2822 573 2882 ΑΝΤΙΦΙΛΟΥ
594 2820 818 2880 ΒΥΖΑΝΤΙΟΥ.

152 2964 188 3026 Ἡ
202 2962 405 3044 τερεὸινθιύδης,
419 2962 610 3040 ὀλιγύμπελος,
625 2950 668 3018 οἶά
683 2983 710 3018 τε
727 2958 806 3038 βαιὴ,

191 3053 285 3125 νησὶς,
299 3053 358 3109 ἁλλ’
370 3049 459 3128 ὁμαλὴ
474 3059 548 3107 πᾶσα
561 3049 605 3107 καί
618 3048 773 3127 ιἰοτύρελος·

153 3145 179 3200 si
194 3143 218 3201 δ’
231 3144 332 3220 ἀγροῦ,
347 3139 460 3216 μεγάλαι
471 3161 500 3198 τε
515 3139 561 3196 καὶ
573 3136 673 3216 εὐρέες,
686 3139 744 3196 ἀλλ’
756 3138 800 3194 ἐπὶ
811 3135 893 3194 πουλὺ

192 3238 329 3310 τρηχεῖαι·
343 3229 447 3306 μεγέθει
461 3233 537 3287 τοῦτο
551 3225 743 3305 περισσότεραι.

155 3322 291 3397 Ιίαρποῖς,
305 3319 335 3375 αὖ
349 3315 490 3376 σταδίοισιν
506 3316 632 3390 ἐρίζομεν·
648 3313 704 3372 οὐδὲ
720 3311 770 3392 γὰρ
784 3304 864 3379 αδλαξ

193 3405 330 3484 Αἰγύπτου
344 3404 445 3477 Λιύύης
456 3404 567 3487 ψάμμου
581 3402 772 3482 ἐπιστρέφεται.

406 3558 472 3608 414.
496 3545 679 3607 ΓΕΜΙΝΟΥ.

152 3696 184 3756 ἸΙ
203 3695 342 3772 παλίουρος
355 3691 421 3766 ἐγὼ,
435 3687 519 3768 τρηχὺ
535 3688 618 3758 ξύλον,
629 3677 700 3765 ούρος
712 3688 737 3743 ἐν
751 3685 832 3766 ἕρκει·

395 3895 452 3944 tro.
468 3901 555 3933 rurant
568 3898 668 3931 οιιιιιι.

150 4038 203 4083 Min
217 4034 295 4082 αιειΙῖα
307 4032 338 4081 de
349 4039 427 4080 morte
440 4037 522 4095 petens
532 4045 579 4094 quo
589 4027 668 4076 viuere
683 4036 760 4093 posset
770 4062 782 4094 ,Ι

181 4123 243 4168 Dum
256 4117 337 4168 nultos
348 4130 415 4166 casus
426 4111 567 4177 insidiasque
582 4110 665 4174 timet,

151 4205 216 4255 ltosit
230 4203 366 4270 Apollineis
378 4213 479 4248 nereum
488 4195 542 4246 fidis
555 4211 562 4244 ι
575 4196 616 4244 illa
630 4195 747 4244 resultans

183 4289 287 4353 lnjuge,
301 4284 460 4344 constrinxit,
475 4299 526 4331 nius
541 4280 585 4330 tibi
598 4297 670 4346 purte
680 4319 688 4343 ,
700 4281 787 4345 gulam.
832 4354 836 4361 .

150 4371 234 4436 Εεηυῖσ
247 4368 327 4418 adbuc
338 4383 407 4416 sreus
421 4365 503 4415 Phcebi
518 4362 655 4425 mirabitur,
667 4379 736 4412 arcus

181 4458 245 4502 lrato
257 4460 353 4518 pratet
364 4465 418 4497 cnm
431 4450 482 4513 lyra
496 4456 561 4495 tensa
576 4445 671 4495 ricem?

452 4608 508 4655 tri.
523 4615 619 4649 κιοσιι.

148 4747 253 4792 Mutatus
264 4739 346 4789 subito
357 4736 481 4788 Cornelius
498 4751 570 4794 eece,
585 4751 629 4784 nec
644 4735 712 4784 illurn

181 4831 233 4881 vita
246 4830 315 4894 juret
326 4825 403 4876 tenuis
413 4833 504 4886 nostra,
514 4828 617 4890 Deaeque
629 4840 728 4884 novem3

146 4919 202 4977 Spu
213 4913 272 4961 altas
283 4907 402 4976 seqnitur.
415 4924 458 4957 nec
472 4908 534 4972 quod
546 4906 679 4968 ineramus,
690 4909 714 4956 il
727 4908 761 4956 illi

181 5000 228 5046 llos
239 5008 338 5057 sumus;
349 4991 456 5042 inflatum
467 4992 507 5041 sed
517 4991 583 5042 vehit
591 5007 649 5044 eura
662 4994 727 5042 levis.

150 5080 284 5137 vincimur,
300 5083 325 5126 et
337 5090 385 5125 non
397 5085 445 5136 est,
458 5093 473 5125 ο
485 5091 535 5132 cor,
548 5091 676 5141 pugnemus
686 5085 712 5124 ut
726 5076 787 5123 nitra
806 5092 812 5123 ε

180 5167 240 5214 Nam
259 5178 303 5211 nos
315 5162 406 5226 argenti
420 5161 483 5211 lucta
499 5161 603 5226 protulit
617 5160 693 5211 lrnmi.

1275 1206 1332 1253 411.
1349 1205 1468 1255 ltncctl.

982 1346 1143 1393 Mutatus-est
1153 1345 1250 1407 repente
1261 1345 1396 1401 Gemellus,
1413 1359 1491 1410 neque
1505 1348 1609 1411 amplius
1622 1346 1689 1399 tenui

1012 1431 1150 1483 delectetur
1163 1435 1246 1482 nostra
1258 1427 1512 1498 quse-llusisp'audet
1523 1435 1586 1497 vita;

981 1518 1030 1570 levi
1040 1522 1124 1570 autem
1133 1517 1223 1583 pendet
1234 1533 1249 1568 a
1263 1533 1317 1584 ερας
1329 1521 1438 1582 non-jam
1451 1536 1510 1573 rerc
1525 1538 1570 1574 nos

1011 1620 1103 1657 sumus
1114 1607 1158 1671 qui
1170 1609 1240 1668 ante,
1251 1608 1294 1657 secl
1303 1608 1351 1658 alis
1363 1609 1408 1659 tlte
1417 1609 1506 1674 alr-spe
1520 1618 1707 1676 suspensus-est.

981 1693 1111 1753 cedamus,
1122 1693 1217 1752 anime,
1228 1693 1461 1757 depugnat-sumus
1470 1735 1476 1755 ‚
1485 1710 1564 1761 neque
1575 1699 1725 1751 vim-adhibe
1736 1722 1742 1750 ι

1013 1781 1037 1830 in
1052 1782 1103 1831 solo
1115 1782 1225 1844 iacemus
1237 1785 1315 1832 artem
1329 1796 1373 1846 per
1386 1788 1532 1847 argenteam.

1243 1937 1298 1983 tlt.
1313 1937 1496 1988 PHILODEMi.

980 2073 1035 2120 tam
1048 2073 1073 2121 et
1084 2084 1140 2121 rose
1149 2074 1199 2132 est,
1214 2074 1239 2120 et
1255 2071 1344 2121 llorens
1354 2071 1427 2132 cicer,
1517 2059 1521 2068 '

1010 2162 1036 2210 et
1047 2160 1129 2209 caules
1142 2158 1271 2219 brassicae,
1286 2160 1411 2222 ososylc,
1425 2160 1635 2223 primum-sectas,

979 2249 1005 2297 et
1013 2260 1092 2297 marna
1101 2247 1201 2308 lucens,
1214 2250 1239 2296 et
1253 2247 1483 2312 nuper-congulatus
1493 2248 1758 2314 sale-sparsuscsscus,

1010 2338 1035 2384 ot
1047 2335 1198 2384 lactucarum
1212 2333 1346 2398 erisparum
1359 2335 1492 2386 tenerrima
1503 2336 1570 2387 tolia.
1656 2339 1759 2402 [smcena

978 2424 1027 2471 llos
1040 2424 1123 2472 antem
1131 2435 1211 2486 nequo
1224 2421 1343 2473 sdaetsm
1353 2422 1519 2484 ascendimus,
1530 2439 1609 2489 neque
1618 2425 1643 2476 in
1652 2429 1759 2491 specula·

1009 2523 1104 2571 sumus,
1117 2512 1145 2560 ut
1156 2523 1261 2573 semper,
1276 2511 1375 2574 Sosylo,
1390 2511 1477 2576 prius?
1701 2494 1713 2519 ”

978 2597 1055 2661 Atqui
1067 2597 1197 2663 Antigenes
1210 2601 1236 2649 et
1250 2599 1360 2649 Bacchus
1374 2599 1427 2649 lieri
1437 2600 1556 2653 ludebant
1569 2624 1576 2654 ι

1009 2699 1073 2735 nunc
1086 2688 1169 2736 autem
1178 2699 1221 2736 eos
1233 2685 1385 2750 sepeliendos
1397 2687 1469 2738 lrodie
1480 2690 1617 2744 efferimus.
1697 2682 1700 2688 ¹

1162 2834 1217 2881 413.
1236 2833 1395 2882 ANTIPHILI
1412 2834 1566 2886 Blznltm.

977 2966 1207 3027 'terebinthi-ferax,
1220 2968 1509 3031 peneaclensis-vitas,
1519 2975 1605 3036 utpote
1615 2986 1703 3037 purra,

1008 3054 1101 3116 insula,
1111 3054 1156 3105 sed
1167 3056 1239 3119 plana
1247 3060 1299 3107 tots
1312 3061 1338 3107 et
1352 3057 1663 3122 lapidibus-non·horricla;

976 3143 1093 3208 proximae
1107 3157 1177 3203 vero,
1194 3159 1336 3208 magnasque
1349 3150 1375 3196 ct
1388 3147 1457 3209 latae,
1471 3146 1515 3198 sed
1529 3149 1671 3213 plerumque

1006 3244 1112 3294 espercc3
1123 3231 1288 3294 magnitudine
1301 3233 1381 3282 solum
1395 3235 1585 3298 praestantiores.

976 3318 1118 3380 Fructibus,
1131 3332 1178 3368 nan
1189 3318 1275 3370 stadiis
1286 3321 1457 3373 contendimus
1468 3343 1474 3371 :
1484 3335 1564 3387 neque
1576 3325 1640 3374 enirn
1655 3340 1739 3377 arrum

1007 3406 1104 3471 AEgypti
1116 3406 1199 3469 Libyan
1212 3408 1400 3458 latam-arensm
1410 3413 1487 3460 curat.

1267 3553 1323 3600 414.
1341 3552 1461 3602 Gerltrtt.

977 3691 1088 3741 Peliums
1099 3705 1157 3756 ego,
1169 3704 1283 3755 asperum
1298 3691 1476 3756 lignum,crus
1488 3696 1589 3757 (custos)
1598 3696 1623 3745 in
1635 3710 1707 3762 sepe:

1668 3819 1749 3830 ——d

1246 3891 1303 3937 tra.
1320 3899 1469 3932 rainonem.

974 3976 1069 4040 Sosylo,
1080 3975 1128 4039 jani
1141 3973 1218 4022 stratis
1227 3974 1302 4038 ειιιγςίι
1317 3991 1384 4035 rosa,
1397 3977 1446 4040 jam
1458 3977 1521 4026 cicer
1538 3978 1640 4042 ειιίικιι,

1007 4061 1119 4122 Quosque
1131 4057 1217 4107 tenella
1231 4057 1294 4122 parit
1308 4057 1408 4106 brassica
1421 4052 1558 4110 cauliculos.

973 4144 1013 4190 εἰει
1023 4151 1046 4190 et
1056 4156 1131 4189 nicena
1144 4155 1243 4205 crepans
1251 4149 1275 4189 et
1284 4140 1352 4189 lactis
1361 4156 1436 4191 massa
1446 4144 1538 4204 coacti,

1010 4227 1039 4272 Et
1054 4225 1198 4271 lactucarum
1208 4221 1312 4288 erispuia
1323 4223 1436 4272 cesaries.

974 4312 1028 4358 Non
1044 4321 1135 4364 tannen,
1148 4317 1175 4357 ut
1186 4307 1283 4357 solitum
1296 4308 1382 4370 nobis,
1394 4309 1417 4356 in
1429 4290 1516 4359 littoris
1525 4311 1585 4375 aiga,

1005 4393 1099 4457 Sosylo,
1113 4389 1209 4439 sublimi
1226 4406 1271 4438 nee
1284 4407 1364 4438 snmus
1377 4392 1401 4439 in
1410 4393 1512 4457 specula.

977 4482 1127 4529 Conressatns
1140 4478 1192 4525 lieri
1220 4493 1274 4525 naui
1284 4477 1399 4525 Bacchius
1412 4477 1595 4544 scriptoresque,

1007 4566 1040 4610 lin
1052 4560 1121 4608 lrmlie
1136 4561 1228 4610 tumulo
1241 4560 1308 4609 triste
1320 4561 1429 4610 teruntur·
1437 4578 1505 4613 ornus.

1186 4665 1244 4718 413.
1264 4679 1390 4711 ιιιτιειιιιι
1410 4680 1534 4715 sumeris.

973 4745 1035 4792 vnis
1046 4761 1092 4792 tion
1105 4743 1214 4803 ninnium,
1228 4743 1358 4793 terebinthi
1373 4746 1425 4810 plns
1440 4746 1499 4807 iero,
1512 4764 1584 4814 parva

1005 4828 1101 4886 lnsnla,
1115 4827 1155 4874 sed
1169 4826 1246 4891 plenis
1263 4842 1311 4874 non
1325 4827 1445 4876 salebrosa
1459 4827 1534 4879 locis:

973 4913 1050 4960 lnsula
1066 4912 1112 4962 !ata
1122 4909 1232 4974 quidem,
1245 4925 1293 4957 non
1303 4925 1360 4969 una,
1373 4911 1414 4959 sed
1423 4928 1505 4976 aspera
1515 4912 1605 4962 circeun

1004 4994 1126 5054 Cernitur,
1141 4999 1167 5041 et
1175 4991 1244 5041 nobis
1256 5008 1303 5040 uon
1314 4992 1358 5041 nisi
1370 4993 1431 5041 mole
1442 4994 1517 5059 prior.

974 5083 1074 5137 linctu,
1090 5091 1139 5124 non
1151 5075 1239 5140 spatio,
1251 5090 1288 5124 res
1302 5074 1423 5140 penditur.
1437 5081 1506 5124 Anne
1516 5077 1620 5141 libyssa,

1006 5161 1059 5209 Nile
1073 5159 1148 5222 teres,
1159 5157 1234 5223 glebis
1243 5166 1404 5208 certet'arenn
1417 5161 1483 5210 tuis?
