3810 5910
371 360 496 421 CAPUT
516 360 566 418 xi.
591 353 872 447 abrenuntiata
892 350 1128 412 convivatura
1151 349 1200 408 ET
1221 347 1426 408 lunisonis.
1646 349 1705 409 alu

96 494 133 570 μή
149 519 210 553 ποτε
227 495 249 553 θ’
264 495 368 573 εύρόνης
383 493 428 551 σέο
442 491 542 571 χείλεα·
557 491 593 554 τίς
606 488 656 568 γδρ
672 489 789 546 ὀδόντων

31 584 34 591 ’
135 583 245 662 ὄρχατον
261 582 371 657 ἐμπήξει
387 579 566 662 φαρμακόεντι
581 579 665 657 δολῳ;

53 675 67 712 ⁵
95 674 152 741 Τὴν
167 672 243 751 χάριν
256 671 479 752 ε’ξέρρευσαςόσην
492 668 559 747 ἔχες·
576 669 623 726 οὐκ
634 665 687 725 ἀπὸ
701 669 789 740 πηγῆς

136 762 232 835 ἀγλαΐη
246 761 345 835 μελέων
360 758 464 818 ἕλκεται
480 758 585 817 ἀενάου.

924 493 958 540 b'e
972 502 1081 552 uuquam
1098 501 1158 537 uero
1175 486 1324 551 larga-aperi
1341 489 1386 536 tua
1400 485 1488 543 labra:
1502 485 1559 550 quis
1570 485 1634 537 onim
1645 485 1706 538 den·

954 575 1065 626 ordinem
1077 575 1171 640 igetiu
1181 575 1313 625 artificioso
1327 574 1402 625 doio?
1636 573 1708 638 [tium

925 665 1034 715 Gratiam
1046 663 1158 715 effudisti
1167 668 1283 726 quautam
1294 661 1418 713 habebas:
1429 677 1477 712 non
1486 676 1501 714 a
1511 663 1577 714 sonte

955 753 1019 803 nitor
1031 751 1196 803 membrorum
1211 751 1310 801 ducitur
1323 750 1430 815 perenni.

95 848 145 915 Ὧς
159 852 186 907 δὲ
204 851 277 929 ῥόδον
291 847 444 913 uatium
458 848 484 904 ἐν
497 846 574 925 εἴαρι·
586 850 632 903 νῦν
647 843 670 902 δ’
685 842 850 922 impetrem,
926 844 1023 893 Utrosa
1034 843 1118 891 auteru
1128 840 1232 890 iiorebas
1244 840 1337 890 insere
1347 854 1355 886 a
1367 843 1527 891 uuuoautem
1536 839 1702 905 ubetauaes,

135 937 231 1015 γήραος
247 939 379 1016 αὐχμηρῷ
396 935 548 1016 καρρομένη
560 933 638 1013 θέρεϊ.

350 1079 411 1130 375.
431 1082 491 1127 ΤΟΥ
509 1081 613 1129 ΑΥΤΟΥ.

96 1207 232 1284 Ἰἰπταρον
248 1208 312 1285 ἀγχι
326 1206 435 1285 τάμοιο,
447 1205 491 1263 καί
504 1205 597 1278 ἤθελον
611 1205 699 1263 αὐτόθ’
715 1207 827 1262 ἀκοῦσαι

135 1287 177 1355 οἶά
192 1319 241 1373 περ
254 1296 391 1370 ὠῖσάμην,
409 1297 502 1373 μοῖραν
514 1296 579 1367 ἐμῆς
593 1293 701 1373 ἀλόχου.

957 930 1017 983 senii
1030 931 1202 996 pulverulenta
1216 931 1308 981 siccata
1319 933 1414 980 matam.

1207 1077 1260 1122 375.
1285 1081 1438 1123 retusum.

928 1207 1068 1258 Sternutavi
1084 1206 1114 1256 ad
1128 1204 1277 1268 sepulerum,
1291 1206 1317 1253 et
1326 1202 1439 1254 volebam
1449 1201 1533 1253 atatim
1546 1199 1632 1252 audio

958 1306 1015 1357 qum
1029 1291 1115 1355 utique
1128 1289 1272 1354 sperabam,
1287 1289 1368 1341 iatum
1383 1302 1446 1339 meae
1460 1287 1577 1352 conjugis.

97 1382 234 1462 Ἰἰπταρον
250 1384 285 1449 είς
298 1381 417 1458 ἀνέμους·
435 1383 531 1460 ἄλοχον
544 1383 571 1438 δέ
588 1405 632 1458 μοι
647 1380 676 1438 οὔ
691 1403 716 1437 τι
731 1378 833 1458 κιχάνει
928 1380 1068 1432 sternutaui
1080 1382 1105 1429 in
1116 1381 1202 1429 uentos
1215 1392 1221 1421 τ
1233 1377 1362 1441 conjugem
1368 1389 1429 1427 uero
1440 1389 1520 1426 meam
1529 1374 1589 1424 nihii
1601 1373 1697 1436 attingit

136 1472 231 1552 λυγρὸν
245 1474 271 1530 ἀν
287 1470 448 1551 ἀνθρώποις,
464 1475 493 1528 οὐ
507 1470 599 1548 νόσος,
615 1471 644 1527 οὐ
660 1471 778 1536 θάνατος.

196 1625 273 1674 ‘aro
300 1615 471 1675 ΑΓΑΘΙΟΥ
493 1611 779 1673 ΣΧΟΛΑΣΤΙΚΟΥ.

97 1751 213 1833 Ῥήτορα
225 1755 288 1832 πρὸς
300 1755 429 1834 Διόδωρον
440 1753 506 1832 ἀνὴρ
522 1753 633 1822 δείλαιος
650 1752 770 1813 ἀπελθὼν

139 1844 222 1924 εἴρετό
237 1869 280 1920 μιν
293 1845 364 1917 τοίης
378 1846 445 1924 ἀμφὶ
461 1844 642 1913 δικασπολίης·

959 1469 1029 1519 triste
1039 1469 1103 1517 inter
1112 1465 1232 1527 homiues,
1243 1478 1289 1515 neo
1302 1463 1418 1526 morbus,
1429 1476 1474 1514 nee
1487 1477 1562 1513 mors.

1094 1628 1149 1676 376.
1166 1624 1317 1673 AGATfliAE
1334 1624 1549 1677 scuouasulcl.

928 1766 1060 1818 libaturam
1073 1765 1104 1816 ad
1116 1765 1254 1815 Diodorum
1267 1763 1303 1812 uir
1312 1762 1493 1828 inops-consilii
1510 1762 1612 1813 abiit-et

960 1854 1121 1918 interrogavit
1132 1866 1191 1906 eum
1203 1852 1246 1903 tali
1257 1852 1289 1903 de
1299 1851 1391 1916 judicio
1404 1867 1410 1898 ι

103 1965 114 1989 s
129 1934 263 2010 Ἠμετὲρη
276 1932 421 2012 θεράπαινα
436 1931 514 2012 φύγεν
529 1931 601 1990 ποτέ·
616 1928 664 2002 τὴν
675 1930 704 1988 δέ
718 1954 755 1997 τις
771 1929 852 2010 εὑρὼν
859 1977 869 2007 ,
931 1965 943 1988 ιι
955 1947 1043 1995 Nostra
1057 1943 1149 1992 lamule
1160 1941 1368 2007 fugitquondam3
1382 1940 1448 1990 illam
1458 1939 1715 2003 ueroaiiquisuaotus,

142 2056 152 2078 a
170 2027 308 2103 ἀλλοτρίην
323 2027 345 2083 τ’
357 2016 422 2082 εἶναι
437 2025 527 2102 λάτριν
543 2025 733 2099 ἐπιστάμενος,

60 2140 72 2174 s
103 2144 113 2168 ι
131 2114 215 2184 ζεῦξεν
229 2118 262 2190 ἑῷ
279 2114 427 2193 θεράποντι·
442 2113 515 2171 τέκεν
529 2115 551 2171 θ’
568 2112 620 2170 ὑπὸ
634 2114 730 2180 παῖδας
746 2113 844 2195 ἐκείνῳ·

143 2231 154 2254 r
169 2203 213 2261 καὶ
226 2203 275 2260 τίνι
291 2202 420 2260 δουλεύειν
437 2202 486 2260 εἶσὶ
502 2202 672 2277 δικαιότεροι;
690 2229 702 2254 a

100 2291 150 2357 ‘Oe
166 2291 188 2349 δ’
202 2290 243 2349 ότε
260 2291 419 2371 μερμήριξε,
431 2293 475 2348 καὶ
491 2292 585 2369 ἔδρακε
601 2289 692 2368 βίόλον
707 2288 832 2366 ἑκάστην,

141 2370 212 2436 εἶπεν
227 2380 384 2458 ἐπιστρέψας
397 2378 474 2459 γυρὸν
486 2378 644 2436 ἐπισκύνιον·

104 2495 114 2516 r
131 2466 168 2525 'li
182 2467 238 2539 σοὶ,
255 2466 319 2545 durii
333 2467 417 2524 ἑλόντι
431 2467 492 2535 τεὴν
505 2465 667 2546 θεράπαιναν
680 2465 782 2542 ἀνάγκη

50 2575 74 2613 ιο
148 2584 161 2607 ι
177 2555 305 2614 δουλεύειν
322 2554 434 2625 κείνους,
448 2546 484 2613 ὧν
498 2557 576 2634 χάριν
590 2554 705 2635 ἀξερίεις·

105 2673 115 2693 ι
130 2643 198 2710 ἒίζεο
212 2643 236 2701 δ’
251 2643 405 2719 εὐμενέοντα
418 2645 593 2715 δικασπόλον,
604 2633 670 2725 αἶψα
681 2642 702 2703 δ’
718 2644 817 2724 ἀποίση

143 2758 155 2783 ε
175 2735 260 2811 ψῆφον
273 2733 439 2812 ἀρειοτέρην,
452 2732 518 2810 εἴγε
533 2731 622 2790 δίκαια
635 2733 727 2808 λε’γεις.
745 2760 756 2783 ι

354 2885 420 2934 377.
447 2877 637 2933 nudanda.

104 3019 216 3099 Ὀρνεον
231 3022 355 3097 Ιἧσθίομεν
371 3021 530 3101 κεκλημένοι
546 3023 634 3082 ἄθλιον
648 3022 737 3103 ἄνδρες

146 3113 234 3169 σίλλων
252 3112 359 3188 ὀρνίθων
373 3110 504 3190 βρώματα
519 3112 663 3187 γινόμενοι·

107 3197 152 3256 καί
164 3198 206 3255 τόν
223 3197 271 3272 μὲν
282 3197 379 3257 Τιτυόν
390 3200 457 3256 κατὰ
472 3203 519 3275 γῆς
535 3199 580 3256 δύο
594 3203 675 3276 γῦπες
686 3198 806 3274 ἔδουσιν,

146 3290 216 3363 ἡμᾶς
231 3285 257 3342 δὲ
272 3289 371 3354 ζῶντας
385 3286 510 3365 τέσσαρες
525 3286 649 3362 αἰγυπιοί.

364 3434 425 3484 378.
447 3437 466 3480 Τ
468 3436 506 3481 ΟΥ
525 3435 631 3482 ΑΥΤΟΥ.

106 3564 146 3621 Οὐ
165 3560 279 3637 δύναμαι
291 3565 408 3638 γαμετῆς
422 3561 467 3620 καὶ
480 3564 667 3640 γραμματικῆς
683 3559 837 3638 ἀνέχεσθαι,

146 3653 333 3727 γραμματικῆς
349 3648 466 3728 ἀπόρου,
482 3655 526 3708 καί
542 3654 657 3727 γαμετῆς
673 3648 775 3709 ἀδίκου.

108 3824 152 3871 Sed
167 3823 232 3871 lubra
245 3839 275 3870 ne
290 3823 378 3887 pandas
390 3831 440 3871 esto
455 3838 566 3871 memor:
582 3840 620 3870 urs
632 3823 675 3872 tibi
691 3823 769 3872 irrerrnr

142 3907 212 3955 Nulla
225 3906 306 3970 dairir',
319 3907 401 3955 dentes
415 3923 463 3971 quo
476 3923 587 3972 reparare
599 3923 680 3972 queas

108 3989 176 4055 ttuod
193 3989 269 4036 iuerat
283 3987 380 4050 iormae,
395 3987 464 4037 duruit
477 3988 520 4037 tibi
535 4005 541 4038 :
559 4000 622 4038 terra
633 3991 736 4040 decusare

140 4076 200 4134 Quae
212 4082 292 4121 rnanat
305 4073 376 4138 possit
391 4074 485 4121 tradere
497 4076 561 4138 quod
576 4079 690 4124 maneat?

109 4160 140 4206 Ut
154 4174 206 4205 rosa
222 4157 340 4217 florebas,
353 4158 409 4205 dum
422 4173 463 4205 ver
476 4167 542 4219 erat;
555 4158 621 4206 arida
635 4176 699 4209 nune
710 4177 749 4222 es,

143 4247 221 4306 bique
233 4242 279 4290 eris
292 4258 298 4291 :
313 4248 360 4290 boo
373 4251 455 4303 ustas,
469 4259 556 4308 nempe
569 4253 676 4300 senecta,
693 4243 757 4294 iacit.

396 4370 453 4430 375.
473 4386 590 4418 musaeu.

108 4483 260 4529 sternueruru
274 4479 392 4528 tumulum
401 4479 470 4543 juxte
480 4515 488 4538 ,
497 4478 547 4543 jam
556 4479 654 4544 jamque
667 4479 778 4545 putabam

141 4562 232 4610 Audire
245 4560 325 4609 uxoris
338 4559 384 4608 iata
395 4577 505 4626 suprema
518 4576 585 4610 mere.

108 4649 261 4695 Steunuemm
277 4644 352 4692 seritis
367 4659 372 4692 :
389 4645 460 4692 sensit
476 4642 536 4692 nihii
549 4645 599 4710 ipsa
612 4645 742 4707 maiorum,

144 4731 173 4776 Et
186 4743 249 4774 nrors
263 4736 287 4775 et
300 4726 378 4775 morbi
391 4742 485 4792 semper
497 4728 528 4775 ab
540 4727 585 4776 hae
598 4727 698 4792 fugiunt.

345 4847 402 4906 376.
422 4862 535 4894 aoarume
551 4862 677 4896 onarours.

112 4956 232 5005 decedens
246 4955 341 5019 quidam
354 4956 486 5006 Diodorum
499 4956 610 5015 rhetora,
619 4957 707 5008 fautum

145 5038 272 5103 Proponit,
288 5040 353 5087 Juris
365 5039 421 5103 quid
436 5039 511 5096 foret,
526 5040 581 5088 inde
596 5050 682 5104 rogat:

112 5123 228 5171 Ancillam
238 5157 246 5181 ,
258 5122 288 5171 de
300 5139 338 5170 me
349 5139 402 5187 quar
416 5123 524 5188 fugerat,
538 5124 626 5190 exeipit
639 5125 715 5188 ulter,

145 5208 225 5269 thue
236 5220 279 5253 suo
292 5222 361 5254 serso
374 5207 403 5254 sit
416 5207 482 5271 «poesi
496 5216 584 5273 nupta,
597 5205 668 5269 lacit,

962 2033 1114 2093 alienamque
1128 2043 1182 2080 esse
1194 2042 1291 2080 serram
1304 2029 1396 2090 sciens,

927 2122 1007 2184 junxit
1019 2134 1065 2172 suo
1079 2120 1172 2170 lamule
1184 2134 1190 2162 :
1201 2117 1297 2184 peperit
1306 2121 1389 2168 autem
1402 2130 1492 2181 pueros
1507 2116 1561 2168 illie

962 2211 1060 2261 uuluam
1071 2208 1165 2260 seruire
1177 2221 1221 2259 eos
1234 2211 1273 2258 est
1279 2207 1390 2272 justius?
1400 2227 1412 2250 ν

931 2301 974 2351 lile
985 2303 1070 2349 autern
1079 2301 1212 2367 postquam
1221 2294 1410 2346 diu-meditatus
1418 2294 1526 2358 inspexit
1533 2295 1624 2345 librum
1634 2307 1717 2358 queni-

962 2388 1025 2439 dixit
1038 2387 1160 2452 stringens
1169 2385 1300 2436 rotundam
1309 2384 1431 2434 barbam:
1643 2381 1717 2447 [quo.

933 2499 944 2521 ι
960 2482 1009 2527 Aut
1024 2475 1084 2534 tibi,
1100 2479 1145 2526 aut
1155 2474 1180 2526 ei
1198 2472 1321 2540 qui-oepit
1331 2477 1402 2524 tuam
1418 2473 1549 2533 famulam,
1564 2485 1663 2522 neeesse
1680 2475 1719 2521 est

963 2565 1056 2615 seruire
1067 2564 1135 2625 illos,
1147 2576 1254 2627 quorum
1265 2560 1345 2626 gratia
1360 2561 1497 2625 interrogas
1511 2581 1518 2610 ι

919 2667 1015 2718 >prere
1027 2667 1085 2704 vero
1096 2653 1241 2705 benevolum
1256 2650 1428 2711 causidicum,
1440 2655 1466 2701 et
1475 2650 1558 2701 statim
1570 2649 1708 2715 reportabis

964 2745 1108 2796 senientiam
1124 2743 1257 2808 potiorem,
1273 2741 1294 2794 si
1305 2741 1404 2807 quidem
1413 2743 1479 2802 iusta
1491 2741 1563 2793 dieis.
1576 2763 1588 2786 »

1202 2908 1256 2954 377.
1274 2905 1435 2956 Platanoi.

934 3043 1010 3087 Auem
1025 3022 1229 3087 manducavimus
1241 3037 1338 3087 invitati
1347 3037 1464 3092 miseram
1472 3035 1533 3095 uiri,

965 3125 1068 3175 aliamm
1082 3125 1165 3175 arium
1178 3130 1254 3188 dapes
1268 3124 1326 3175 iacti
1340 3146 1350 3181 z,

935 3217 959 3266 et
973 3213 1073 3276 Tityum
1086 3213 1185 3277 quidem
1200 3213 1248 3264 sub
1262 3217 1328 3264 terra
1337 3213 1389 3263 duo
1399 3213 1511 3263 vultures
1524 3210 1616 3275 edunt,

967 3316 1011 3351 nos
1020 3316 1079 3352 roro
1090 3303 1202 3352 uiuentes
1214 3305 1332 3365 quattuor
1340 3302 1450 3352 vulturii.

1215 3447 1270 3494 378.
1293 3454 1448 3497 liliislrllbl.

936 3577 989 3625 Nou
1001 3587 1102 3639 possum
1113 3589 1211 3625 uxorem
1221 3575 1302 3624 simut
1312 3577 1339 3624 et
1351 3573 1536 3638 grammaticam
1549 3574 1683 3637 sustinere,

966 3663 1150 3727 grammaticam
1162 3663 1273 3726 inopem,
1284 3667 1311 3713 et
1322 3676 1427 3712 uxorem
1438 3662 1563 3726 injustam.

937 3826 982 3874 Sed
994 3841 1080 3889 gnarum
1092 3841 1140 3874 uon
1154 3840 1204 3874 esse
1215 3841 1281 3873 suam
1295 3840 1302 3873 τ
1316 3824 1380 3890 perit
1395 3824 1435 3873 illa
1450 3825 1546 3875 ruarito.

972 3909 1039 3957 iliius
1053 3908 1083 3956 ad
1095 3918 1178 3974 partus
1186 3909 1225 3972 jus
1238 3907 1325 3968 habet,
1342 3908 1435 3973 iuquit,
1448 3912 1520 3958 nter?

940 3991 982 4039 iiie
995 3990 1035 4039 diu
1050 4006 1119 4039 ouras
1130 4000 1155 4039 et
1166 3990 1242 4038 mulia
1257 3990 1379 4039 uolumina
1391 4006 1487 4039 versans

971 4072 1009 4122 Sic
1020 4071 1069 4132 ait,
1084 4073 1202 4120 adducens
1214 4088 1287 4120 cursa
1299 4071 1425 4138 supercilia
1440 4088 1447 4120 :

941 4160 1003 4218 llos,
1019 4156 1049 4206 de
1061 4157 1129 4221 queis
1141 4157 1236 4221 egitur,
1253 4157 1289 4206 rei
1303 4156 1325 4204 ei
1339 4157 1430 4205 seruire
1445 4173 1540 4206 neeesse
1552 4168 1600 4220 est,

972 4242 1050 4303 Quem
1062 4255 1136 4304 penes
1148 4239 1199 4304 ipsa
1213 4238 1258 4288 luit
1272 4254 1352 4294 serra,
1365 4239 1464 4288 release
1478 4249 1540 4288 tuos.

940 4322 1011 4372 Effice
1024 4324 1053 4372 sit
1065 4324 1138 4389 judex
1153 4323 1197 4372 tibi
1211 4324 1252 4389 qui
1264 4323 1295 4373 sit
1310 4324 1399 4373 amicus
1412 4339 1419 4373 ε
1432 4323 1510 4374 abibis

972 4409 1056 4457 vietor
1067 4408 1097 4456 ab
1112 4407 1156 4457 hue
1171 4423 1265 4468 cerussa,
1277 4408 1296 4456 si
1310 4409 1380 4457 modo
1390 4410 1454 4473 justa
1468 4407 1539 4474 peris.

1233 4540 1290 4600 377.
1309 4555 1433 4588 naamon.

940 4642 1057 4690 Conuiuas
1069 4641 1180 4707 pascebat
1194 4641 1243 4689 auis
1255 4656 1298 4690 nos
1309 4640 1370 4690 forte
1385 4647 1492 4702 uocatos,

974 4731 1004 4774 ,ii
1020 4725 1118 4774 miseros
1131 4725 1183 4774 aliae
1198 4741 1241 4774 uos
1254 4725 1382 4791 epulantur
1392 4741 1455 4775 ares.

940 4811 986 4873 Qui
1003 4810 1099 4875 Tityrum
1112 4811 1218 4858 iacerent
1229 4810 1292 4874 apud
1306 4825 1388 4858 orcum
1400 4819 1455 4858 suut
1466 4809 1525 4865 duo,
1542 4809 1583 4858 sed
1598 4826 1641 4860 noe

973 4894 1029 4943 Viri
1045 4893 1153 4943 vulturiis
1166 4903 1279 4959 quattuor
1294 4910 1345 4941 osca
1357 4909 1446 4943 surmus.

1239 5006 1297 5065 378.
1315 5019 1431 5053 erasum.

941 5122 987 5171 vir
1004 5122 1106 5170 tolerare
1121 5137 1183 5186 qrreo
1192 5158 1200 5182 ‚
1213 5120 1304 5184 gemino
1320 5121 1364 5170 sub
1376 5131 1442 5187 peste
1458 5121 1589 5170 laborans:

973 5204 1076 5273 conjuge
1091 5204 1208 5271 pugnaci,
1226 5221 1330 5270 paupere
1344 5205 1515 5255 Grammatico.
