3810 5910
1639 364 1692 420 ὅθί

652 368 687 426 ΙΝ
712 368 836 429 CAPUT
856 370 908 428 XV
931 367 1157 430 ANNOTATIO.

101 503 182 562 ipsura
202 500 248 548 lroe
262 511 338 563 genus
352 497 474 559 loquendi,
495 511 545 560 quo
557 497 667 548 ironrines
682 499 732 547 otio
750 504 774 548 et
795 504 876 548 niente
899 511 902 561 γ
922 501 1057 562 ἀγροίκους,
1075 501 1154 555 ἐπειδὴ
1168 498 1240 559 τῆρας
1253 501 1355 557 ροροῡσι·
1372 493 1435 554 πήρα
1447 492 1470 540 δὲ
1481 494 1520 539 καὶ
1533 492 1604 551 :episi
1623 494 1698 540 συνώ-

99 571 227 620 ιιλιυεοαίοε
237 573 319 632 aperta
331 572 355 617 et
369 569 478 630 vulgaria
496 567 631 617 reddebant
643 569 756 618 abstrusa
769 572 796 620 et
811 577 876 620 lene·
900 599 901 615 ι
920 588 988 632 νυμα.
998 598 1027 606 -
1037 577 1070 618 la.
1081 567 1244 631 Πᾱμα[θοιλ.
1255 580 1268 615 a
1281 580 1316 628 pr.
1328 564 1405 627 πημα]
1417 566 1440 612 δὲ
1448 569 1534 622 κτῆμα.
1545 562 1649 624 Ὀμηρος
1659 562 1699 624 (li.

99 641 179 700 brusa,
194 640 287 689 irotaeit
298 642 388 688 Sextus
399 639 535 700 Ernpirieus
546 639 606 688 εὰν.
617 639 789 702 grammaticas
804 643 824 701 1,
840 646 875 695 13.
900 671 902 682 τ
922 648 949 699 Δ,
960 646 1005 690 433
1014 642 1031 700 )·
1045 659 1059 685 ι
1068 641 1249 701 πολυποίμμονος
1266 637 1330 698 (sie)
1343 637 1423 697 ἀνδρὸς
1438 637 1460 682 ἐν
1470 635 1528 696 edla]
1542 656 1562 681 ν.
1579 633 1701 694 Θεόκριτος

99 708 879 772 §aristonidaeprolatoetdiligenterexpendende.-Gles
921 715 945 761 δὲ
961 714 1033 770 Πάριν
1053 713 1134 760 ἑαυτὸν
1156 711 1235 764 εἶπεν,
1255 709 1334 764 ἐπειδὴ
1352 709 1365 754 6
1386 706 1457 765 Πάρις
1480 707 1520 759 τάς
1545 706 1596 759 θεάς
1619 706 1702 764 κρίνων

100 783 167 828 sator
180 783 222 828 ι’Π
237 779 361 836 Θεοκρίτου
374 779 454 841 Σύριγξ
464 781 504 835 τῆν
518 780 643 842 έπιγραρήν
655 782 748 829 ἀπὸτού
758 783 877 844 σχήματος
900 777 902 780 ⁴
921 783 968 831 ὐπὸ
986 799 1055 829 τινων
1067 782 1190 842 Θεόκριτος
1208 779 1342 837 ὠνομάσθη.
1363 773 1439 837 [θοὰ.
1455 775 1590 836 σιμοχίδας,
1613 787 1670 822 euni
1687 791 1702 831 η

922 866 995 914 super
1013 850 1142 913 priores]
1159 876 1189 884 —
1213 852 1247 898 13.
1269 850 1304 909 Τη
1324 848 1424 908 σύριγγι,
1448 845 1468 891 ὡ
1488 847 1547 904 Πάν,
1567 846 1608 902 τὴν
1625 847 1702 907 ψυχῆν

923 923 1021 986 χαίροις.
1037 920 1113 985 [θοὰ.
1136 922 1215 983 ψυχάν
1240 919 1275 966 ἀεί
1304 918 1367 979 βροτ.
1394 914 1503 963 Jacobsii
1529 915 1701 964 correctionem

100 854 155 911 ἔχει.
168 853 295 908 Συνέστηκε
304 850 327 897 δὲ
338 852 385 897 ἀπὸ
392 852 530 898 δαντυλικοῡ
542 852 634 912 μέτρου,
645 852 684 898 καί
696 854 754 900 εἰσίν
763 856 783 900 σί
793 853 879 912 μένδύο

100 928 188 980 πρῶτοι
198 922 275 984 στίχοι
283 922 407 981 έξάμετροι,
419 925 440 968 οἱ
451 923 475 968 δὲ
485 923 534 977 ἑξῆς
546 921 587 969 δύο
598 922 757 984 πεντάμετροι·
771 924 822 970 είττ
832 924 878 970 ἀπὸ

101 995 169 1040 πέντε
178 994 256 1040 ποδῶν
268 994 346 1052 μέχρις
363 992 420 1045 ἑνός.
439 992 503 1040 Ἐπεί
516 991 556 1038 οὐν
569 993 620 1040 καθ’
630 993 728 1040 ἕκαστον
743 994 881 1054 ἀραιρουμε-
923 991 1015 1054 recepit
1038 988 1131 1052 Βοῖος.)
1161 987 1385 1050 Βροτούάμονοι
1411 986 1435 1031 δὲ
1458 985 1534 1047 είρηκε
1558 989 1596 1034 τὸν
1627 988 1702 1047 Πᾶνα,

101 1060 594 1124 νονποὸόςσυμδέόηκετὸνδεύτερον[εἰναι
608 1061 878 1128 ὰὰὰ.Βοίεε.)μικρότε-
902 1046 904 1105 ί
924 1067 955 1117 ὡς
970 1063 1127 1124 πετροὸοίτην,
1148 1059 1195 1108 ἀπὸ
1214 1064 1259 1106 τῶν
1277 1061 1339 1104 λαών
1359 1056 1454 1102 καίτοι)
1469 1072 1530 1101 κατα
1552 1055 1704 1104 Δευκαλίωνα

102 1151 139 1194 ρον
153 1139 194 1180 τοῦ
211 1134 304 1194 πρώτου
324 1134 362 1178 καί
382 1133 458 1192 λήγειν
472 1130 608 1190 κατ’ὸλίγον
621 1134 651 1186 είς
665 1135 752 1195 βραχὺ,
772 1138 842 1183 τοῦτο
856 1133 884 1187 ei
902 1142 905 1174 ἒ
926 1135 1015 1194 μύθου,
1030 1133 1078 1187 ότι,
1091 1131 1149 1190 μετὰ
1160 1132 1200 1179 τὸν
1219 1128 1383 1185 κατακλυσμὸν
1396 1125 1553 1181 σπανιζόντων
1566 1128 1702 1187 ἀνθρώπων,

101 1205 211 1258 tillium
231 1203 319 1264 σθρθθίι
337 1202 364 1250 0¹3
383 1203 452 1263 μόνον
466 1204 503 1251 διὰ
517 1208 599 1262 τοῦτο,
616 1202 666 1250 ἀλλ’
678 1204 712 1249 ὅτι
728 1220 765 1248 ²2¹
777 1205 827 1265 περὶ
837 1206 880 1252 σύ·
903 1187 905 1263 J
927 1206 1003 1259 λίθους
1014 1203 1138 1266 λαμῧοίνων
1153 1203 1166 1249 6
1181 1199 1316 1248 danielitas
1334 1198 1467 1256 ἀνθρώπους
1481 1197 1568 1243 έποίει·
1587 1199 1638 1244 ties
1659 1199 1701 1244 αὐ·

103 1291 178 1335 ριγγας
188 1275 316 1333 διαλέγεται
325 1274 363 1319 καὶ
378 1279 419 1320 τοῦ
435 1276 527 1336 πρώτου
541 1274 644 1334 εὑρόντος
661 1268 741 1331 αύτην.
756 1275 824 1334 Λέγει
838 1274 879 1322 οὐν
927 1276 979 1329 τούς
1002 1275 1042 1321 καί
1070 1274 1138 1327 λαούς
1164 1272 1290 1327 κεκλῆσθαι
1315 1269 1442 1330 (κεκλεῖτθ.
1470 1267 1549 1327 θοὰ.)
1571 1270 1646 1326 λόγος.
1673 1294 1702 1303 —-

103 1346 194 1405 εὐρετῆν
207 1346 324 1404 γεγονέναι
348 1345 428 1403 Πᾶνα,
443 1345 546 1406 καὶπερὶ
563 1344 634 1391 αὐτοῦ
656 1349 746 1403 πρῶτον
763 1345 823 1405 λέγει
837 1348 879 1401 την
904 1392 906 1399 ,
931 1349 965 1392 ri.
979 1347 1095 1400 Στῆτας
1110 1343 1210 1402 οἱστρε
1226 1343 1372 1393 σαίττας·
1389 1338 1509 1385 τουτέστιν
1528 1339 1541 1384 ό
1558 1339 1649 1402 οἶστρον
1663 1339 1703 1398 ἐμ-

103 1415 157 1470 ὸλην
177 1416 298 1474 θρῆγησιν.
316 1439 348 1450 -
360 1414 389 1460 Ἡ
404 1412 530 1474 μετάληψις
542 1418 582 1470 τῆς
600 1414 709 1475 Σύριγγος
728 1413 802 1466 ούτως
820 1411 878 1472 ἔχει.
904 1408 906 1474 J
929 1416 1006 1462 θαλὼν
1022 1420 1050 1474 τῆ
1068 1414 1131 1473 Λνδῆ
1146 1410 1246 1472 γυναικί·
1268 1410 1325 1471 ςασὶ
1339 1411 1381 1470 γὰρ
1395 1409 1431 1455 ὅτι
1450 1409 1465 1465 ἡ
1483 1407 1591 1468 Ὀμράλη
1610 1409 1704 1468 ῆΛυδῆ

104 1488 123 1533 Τ
124 1487 137 1532 ὁ
153 1485 335 1547 ἐπιγραμμάτιον
348 1488 379 1539 εῖτ
394 1488 468 1532 Πᾶνα.
487 1484 646 1543 ’θαυμάσεται
658 1485 682 1531 δὲ
698 1484 778 1543 Baleari
796 1482 834 1531 διά
854 1499 879 1528 τε
905 1482 907 1523 l
927 1487 1019 1547 οίοτρον
1035 1487 1096 1547 εῖχεν
1110 1485 1146 1532 ἑτι
1160 1481 1211 1539 (sie
1225 1480 1312 1539 nuiss,
1329 1478 1388 1527 ead.
1404 1478 1472 1540 περὶ)
1487 1480 1527 1527 τοι
1546 1481 1612 1527 μονα
1623 1480 1704 1528 πολύν·

103 1555 130 1600 τὸ
140 1560 221 1616 σχῆμα
236 1560 275 1612 τῆς
284 1561 371 1618 γραρῆς
390 1555 428 1600 καί
445 1553 479 1601 ότι
491 1553 505 1600 6
518 1552 641 1612 Θεόκριτος
657 1552 756 1614 σύριγγα
770 1551 883 1605 ἀνατιθείς
927 1555 963 1602 δτι
982 1556 1006 1602 εί
1022 1558 1091 1609 eant
1101 1557 1140 1611 ηῆ
1154 1555 1225 1613 γυνὴ,
1239 1552 1354 1606 σοιέττη
1369 1550 1419 1606 δὲή
1436 1551 1501 1606 Λυδή
1514 1546 1563 1611 [sic
1575 1549 1665 1609 Boiss.‚
1678 1556 1705 1608 τῆ

104 1623 180 1682 (θοὰ.
196 1624 337 1687 ἀνατίθησι)
358 1631 391 1687 τῷ
414 1625 473 1671 Πανί
496 1623 581 1680 ταύτην
597 1625 705 1684 ἔγραψεν.
721 1623 751 1671 ’Π
765 1623 789 1670 δὲ
809 1622 883 1670 ἔννοιά
927 1627 983 1684 λνδη
1000 1623 1080 1686 θοὰ.)
1099 1650 1129 1658 -
1153 1627 1189 1670 15.
1207 1619 1426 1680 Κλωποπάτωρ
1444 1618 1529 1682 [κλοπ.
1548 1619 1609 1668 θοὰ.
1625 1620 1666 1669 hle
1680 1625 1705 1668 ei

103 1695 152 1742 εὀτι
161 1700 206 1742 τών
217 1697 257 1743 δύο
267 1698 364 1757 πρώτων
380 1697 467 1756 στίχων
476 1695 535 1748 αὕτη
549 1694 587 1754 (ί,
604 1696 665 1750 2λή
682 1695 803 1749 Πηνελόπη
820 1694 877 1753 ἐγέν-
905 1677 908 1740 ί
928 1696 951 1744 in
964 1693 1060 1758 textuJ·
1072 1694 1176 1743 τουτέστι
1184 1692 1321 1753 κλεψίγαμε,
1335 1691 1492 1738 κλεπτοιόκον
1506 1693 1590 1752 πατρὸς
1598 1697 1639 1740 τού
1650 1693 1703 1753 Ἑρ-

103 1781 159 1819 νησε
172 1767 240 1813 Ποίνα
252 1769 290 1813 τόν
308 1767 412 1813 αἰπόλον·
433 1765 482 1812 εἰπε
500 1765 523 1812 δὲ
538 1766 579 1821 τὴν
602 1763 738 1820 Πηνελόπην
756 1765 882 1816 οὐδενός
906 1760 908 1839 J
929 1772 982 1826 μού.
997 1768 1026 1815 Ἠ
1044 1765 1168 1822 Πηνελόπη
1183 1765 1222 1812 τὸν
1233 1766 1301 1812 Πᾶνα
1320 1763 1429 1819 ἐγέννησε
1445 1763 1506 1810 κατά
1522 1764 1564 1824 μέν
1576 1780 1639 1818 τινας
1658 1764 1704 1811 ἀπο

104 1835 290 1897 εὐνάτειραν,
304 1837 417 1897 ἐπεὶγυνῆ
427 1835 454 1893 ἦν
468 1835 610 1888 Ὀδυσσέως.
622 1835 647 1888 ὸς
657 1835 727 1882 Οὖτιν
737 1834 817 1882 ἑαυτὸν
828 1834 882 1880 ἐκοί-
906 1846 908 1893 3
927 1843 1028 1902 Ἑρμοῦ,
1044 1838 1104 1886 κατὰ
1121 1838 1145 1885 δὲ
1167 1837 1248 1889 ἀλλους
1266 1836 1355 1882 ἐκτῶν
1375 1836 1521 1897 μνηστήρων.
1537 1863 1566 1874 -
1583 1840 1618 1884 la.
1634 1836 1704 1885 Τὸόὲ

103 1908 164 1952 λεσε·
181 1906 577 1977 Μακροπτολέμουδίμητέρα
589 1909 630 1951 τοῦ
642 1903 790 1965 Τηλεμάχου·
804 1904 884 1964 τὸγάρ
927 1909 1138 1974 λαρναχὸγνιε
1158 1908 1284 1969 χαίροις
1301 1903 1339 1967 [in
1357 1906 1428 1952 textu
1443 1917 1509 1967 apr.
1529 1903 1630 1966 χαίρεις]
1652 1906 1705 1967 πρὸς

102 1978 157 2032 τῆλε
170 1979 195 2024 τό
216 1978 305 2039 μακράν
320 1980 382 2036 ἐστι,
397 1977 496 2036 πόλεμος
510 1978 534 2024 δὲ
548 1980 561 2033 ἡ
577 1976 649 2037 μάχη.
667 2001 695 2009 -
709 1980 731 2023 θ.
750 1977 845 2021 Μαῖαν
856 1974 880 2020 δὲ
906 1986 908 2038 3
927 1982 953 2027 το
967 1983 1004 2038 ρο
1013 1997 1027 2039 χ
1034 1981 1067 2026 ίιν
1082 1978 1188 2040 (ἄψυχον
1199 1974 1276 2036 θοὰ.)
1291 1975 1425 2022 ἀποδοτέον.
1440 1976 1616 2036 Λαρνακογυιον
1633 1975 1656 2021 δὲ
1669 1977 1707 2023 τὸν

104 2048 285 2111 άντιπέτρον
303 2050 358 2109 ρησὶ
370 2049 411 2104 τὴν
428 2050 492 2108 αἶγα·
507 2048 639 2107 ἀντίπετρος
659 2046 700 2106 μὲν
721 2044 765 2106 γὰρ
784 2045 797 2091 ὁ
815 2044 883 2100 ltili,
907 2044 909 2053 ’
929 2054 997 2099 Πᾶνα
1013 2047 1109 2113 [είπε].
1126 2050 1174 2096 ἐπεὶ
1190 2048 1305 2108 χηλόπους
1326 2047 1384 2095 ἐστί·
1399 2046 1480 2102 λάρναξ
1492 2047 1515 2094 δὲ
1528 2049 1543 2102 ἡ
1557 2048 1627 2109 χηλὸς
1638 2049 1705 2103 καὶὴ

104 2120 183 2175 ἐπειδὴ
200 2120 247 2165 ἀντ’
268 2121 339 2167 αὐτοῦ
355 2136 436 2180 πετρος
453 2119 520 2175 ἐδόθη
535 2123 568 2179 τῷ
586 2117 675 2179 Κρόνῳ·
692 2114 777 2177 ἐτράφη
796 2115 821 2162 δὲ
837 2115 883 2161 ὐπὸ
907 2174 909 2179 Ι
929 2118 1028 2170 κιθωτός
1048 2117 1130 2169 ταύτόν
1158 2114 1214 2162 ἐστι·
1231 2117 1269 2163 διά
1287 2115 1310 2162 δὲ
1333 2119 1360 2162 τὸ
1380 2116 1429 2170 ἑξῆς
1453 2115 1568 2170 δηλοί-
1590 2118 1626 2163 17.
1645 2117 1707 2163 ’.λίυ

104 2190 169 2246 αἰγὸς
179 2195 219 2245 τῆς
235 2188 375 2249 Ἀμαλθείας,
393 2189 545 2250 ’ίθυντῆρα
563 2186 602 2235 οὐν
614 2193 654 2241 τῆς
669 2189 754 2248 τρορού
763 2190 805 2233 τοῦ
821 2186 883 2240 Διὸτ,
907 2186 909 2232 ί
930 2190 983 2245 μελ
992 2188 1102 2243 ίσδοις·
1123 2188 1167 2244 aaa
1177 2187 1301 2249 προσόδοις
1312 2185 1440 2248 [bis-deu
1453 2184 1533 2248 θοὰ]
1546 2192 1574 2247 τῆ
1585 2185 1665 2249 'lippi
1679 2213 1707 2222 -

103 2259 207 2306 τουτέστι
217 2266 256 2314 τῆς
270 2261 350 2319 αἰγὸς.
364 2260 427 2307 εἶπεν
447 2261 486 2308 τὸν
502 2258 606 2306 αἰπόλου,
618 2284 649 2293 -
661 2259 684 2305 3.
702 2257 779 2318 Οὐχί
799 2257 882 2317 κερά-
908 2315 909 2319 ¹
931 2264 968 2309 18.
983 2259 1043 2306 Είπε
1054 2259 1078 2306 δὲ
1092 2259 1164 2315 αὐτὴν
1177 2258 1268 2305 ἔλλοπ
1277 2274 1300 2316 α,
1314 2259 1345 2310 ὡς
1355 2257 1394 2303 καί
1408 2257 1497 2315 με’ροπα
1508 2256 1547 2317 (v.
1559 2260 1597 2316 δ),
1608 2259 1706 2306 ἀπὸτοῦ

104 2341 187 2374 σταν·
199 2330 265 2388 κέρας
274 2331 335 2376 ἐστίν
346 2332 361 2386 η
374 2331 428 2388 θρίξ.
438 2329 502 2376 Ἐπεὶ
513 2326 553 2374 οὖν
565 2329 610 2375 ὐπὸ
622 2333 662 2384 τῆς
679 2329 813 2384 Πηνελόπης
822 2343 884 2383 γεγε·
908 2331 909 2341 ’

104 2400 185 2453 νῆσθοιι
200 2400 296 2447 αἰπόλον
313 2401 367 2458 ἔρη,
384 2400 433 2446 ἐστι
448 2400 470 2447 δὲ
490 2398 584 2450 αἰπόλος
595 2401 634 2445 καί
647 2400 660 2445 6
672 2397 794 2458 Κομάτσις,
806 2397 833 2444 οὗ
846 2400 884 2456 με’·
907 2413 909 2456 ]

105 2486 187 2528 μνητοιι
198 2471 210 2515 6
221 2470 287 2524 αὐτὸς
295 2474 391 2526 ποιητὴς
402 2471 424 2517 ἐν
435 2476 481 2523 τοῖς
491 2470 638 2522 Ιίονκολικοῐς
646 2469 681 2515 ὅτι
688 2468 885 2516 κατακλιισθὲντα

104 2539 172 2585 αὐτὸν
188 2540 217 2587 τίς
226 2538 328 2600 λάρνακα
338 2541 434 2602 ἔθρεψαν
442 2540 550 2601 μέλισσαι
564 2537 681 2600 (Thence.
694 2536 731 2585 ld.
747 2539 803 2596 vll,
818 2539 847 2585 78
860 2541 885 2586 ei

104 2608 206 2669 schol),
224 2610 262 2655 διά
275 2614 343 2656 τούτο
353 2609 405 2657 εἷπε
421 2611 460 2667 τὸ,
477 2611 529 2670 οὐχί
547 2625 586 2655 τον
603 2607 713 2668 Κομιίτοιν
726 2610 794 2669 λέγω.
810 2610 881 2656 Ταυ-

104 2680 261 2739 ροπάτσρα
276 2680 299 2727 δὲ
312 2680 365 2727 εἷπε
380 2681 422 2737 τὴν
445 2680 567 2739 μέλισσαν,
585 2679 663 2736 ἐπειδὴ
683 2680 822 2740 σηπομένων
837 2685 883 2726 τῶν

103 2748 194 2810 ταύρων
216 2750 328 2808 μελίσσας
351 2751 406 2808 eaesi
431 2749 543 2804 γίνεσθαι.
563 2775 593 2783 -
616 2752 639 2797 θ.
660 2748 728 2798 ’.ἀλλ’
753 2749 786 2797 οὐ
803 2751 882 2796 πιλι-

103 2836 119 2864 π
127 2823 137 2865 ε’
146 2832 164 2872 ς’
178 2818 227 2865 ἀλλ’
241 2820 374 2867 ἐκεῖνοντὸν
382 2819 486 2877 αἰπόλον,
497 2820 521 2872 ὸς
529 2824 569 2876 τῆς
580 2821 665 2874 Πίτνος
675 2821 775 2881 ἠράσθη.
787 2820 883 2873 Πιλιπὲς

104 2890 127 2937 δὲ
138 2893 210 2953 τέρμα
219 2907 304 2945 σακους
315 2891 368 2938 εἰπε
382 2892 426 2947 τήν
437 2891 513 2945 πίτυν,
528 2888 607 2944 ἐπειδὴ
622 2892 635 2943 ἡ
646 2887 746 2944 έξωτάτη
755 2892 883 2951 περιρέρεια

105 2967 144 3013 τῆς
154 2961 251 3015 ἀσπίδος
263 2962 314 3015 ίτυς
328 2964 444 3008 καλεῖται·
463 2959 560 3007 ἐλλείπει
577 2958 616 3005 οὐν
629 2959 688 3018 αὐτῆ
705 2960 732 3006 τὸ
744 2975 769 3005 ιιι
789 2960 846 3020 πρὸς
857 2961 883 3007 τὸ

108 3030 166 3077 εἶναι
179 3031 253 3078 πίτυν.
267 3057 297 3065 -
315 3038 336 3079 ὁ.
356 3030 463 3090 ούνομ’
481 3031 552 3076 όλον
569 3027 681 3084 δίζωον·
696 3027 828 3084 δίζωονούν
842 3030 883 3076 αὐ·

107 3101 145 3146 τὸν
158 3101 230 3158 εἶπεν,
242 3102 319 3157 ἐπειδὴ
332 3101 372 3147 δύο
383 3102 448 3156 ζώων
463 3101 522 3153 εἶδος
532 3101 592 3160 ίχει,
607 3099 729 3160 ἀνθρώπου
741 3099 780 3145 καί
790 3099 883 3158 τράγου.

107 3199 135 3206 -
147 3171 194 3225 Ὃς
207 3177 259 3223 τάς
270 3172 406 3229 Μέροπος
421 3170 523 3216 πόθον·
539 3170 563 3223 ὸς
574 3175 614 3227 τῆς
627 3168 713 3232 ’Πχούς
727 3168 824 3230 ἠράσθη·
835 3169 884 3216 εἷπε

107 3241 129 3287 δί
153 3240 223 3296 αὐτὴν
245 3242 366 3299 Μέροπος,
384 3241 430 3286 ἀπὸ
449 3245 490 3287 τοῦ
512 3240 544 3299 μή
563 3240 617 3295 ὃλην
636 3239 825 3298 ἀντιρθέγγεσθαι
844 3240 884 3295 τῆν

109 3314 199 3370 οωνῆν,
212 3311 268 3357 ἀλλά
280 3311 346 3369 μέρος
362 3312 389 3357 τὸ
406 3313 544 3357 τελευταῖον,
558 3308 636 3371 [(ὐὰ.
655 3312 689 3367 ὸς,
701 3309 733 3356 ob
749 3311 854 3356 metrum
872 3310 884 3356 ὸ
907 3369 909 3375 7

107 3378 245 3426 sainnasius.
263 3407 292 3417 -
307 3386 321 3426 ο
335 3379 459 3440 γηρυγόνος
482 3378 553 3435 ced..
569 3378 639 3428 aliter
652 3379 727 3429 selsel.
749 3397 760 3420 ι
782 3379 884 3427 Lexieon
907 3389 909 3393 ’

108 3463 198 3497 ιιονιιιιι
221 3448 326 3497 reddidit
349 3451 464 3509 γηρυγόνη
486 3463 548 3498 οοοσ
567 3454 630 3499 ποία
656 3463 820 3499 :errarenen
839 3450 884 3498 rni-
907 3493 908 3496 ,

107 3519 181 3567 πίιιιο.
196 3519 280 3568 Melina
292 3519 443 3568 scholiastes.
463 3541 473 3560 ιι
487 3522 518 3567 B.
532 3521 579 3567 Pro
595 3521 727 3582 ἀνεμώκεος
738 3519 816 3568 seheri.
832 3522 883 3568 ἀνι·
907 3522 908 3527 ’

108 3590 195 3651 μοιδεος
205 3587 291 3650 legisse
304 3587 380 3636 videri
392 3588 568 3652 annotamus]
582 3593 653 3651 Γηρυ
661 3608 751 3650 γονην
761 3592 794 3646 δὲ,
806 3591 884 3645 ἐπειδὴ
907 3610 909 3648 γ

105 3671 143 3717 τῆς
158 3662 250 3722 γηρυος,
264 3658 369 3704 τουτέστι
386 3662 426 3714 τῆς
440 3663 529 3715 φωνῆς,
544 3660 585 3716 τῆν
603 3660 693 3713 γένεσιν
706 3659 827 3721 λαμόάνει·
847 3660 884 3708 διὸ
906 3655 909 3699 :'

105 3737 145 3781 ναὶ
167 3729 322 3790 ἀνεμώὸης
344 3727 526 3789 (eornpendie).
548 3735 653 3778 τουτέστι
680 3732 836 3791 πνευματική,
853 3757 883 3765 -
905 3715 908 3753 ³

105 3795 308 3856 7.“ΟςΠσύσᾳ
327 3796 400 3853 λιγύ
417 3798 508 3849 πᾶξεν
522 3796 694 3857 ἰσστεράνῳ
710 3795 882 3857 [preqnuii⁴

106 3881 154 3917 κος
170 3863 244 3911 Boiss.
255 3864 273 3925 J
288 3866 312 3917 6;
325 3871 443 3922 μουσικῶς
457 3867 524 3921 ἔπηξε
536 3869 577 3924 την
595 3867 702 3924 σύριγγα·
716 3866 765 3913 εἰπε
775 3867 798 3912 ai
813 3866 884 3923 αὐτην
906 3865 909 3880 “

106 3936 213 3988 ἐ’λκος,
235 3935 285 3981 ἐπεὶ
304 3935 364 3987 είὸος
384 3952 406 3980 τι
429 3936 490 3982 ἐστίν
510 3937 588 3988 ἐ’λκονς
613 3937 674 3983 οὕτω
689 3938 837 3995 καλούμενον,
854 3965 883 3971 -

106 4011 128 4053 δ.
147 4006 275 4063 ’.λγαλμοι
292 4004 322 4051 δὲ
342 4003 444 4051 Πόθον
460 4004 508 4066 [sie
525 4005 617 4061 Boiss.;
641 4006 740 4066 σύριγγα
762 4006 787 4053 δὲ
811 4006 882 4054 πόθον

106 4075 170 4123 θοὰ.
179 4073 196 4136 ]·
211 4075 260 4120 ἐπεί
272 4074 379 4133 Σύριγγός
389 4091 449 4128 τινος
457 4076 544 4133 ἠράσθη
555 4077 568 4123 ὸ
578 4076 639 4134 Πάν,
651 4078 691 4123 καὶ
701 4077 732 4128 εἰς
743 4077 834 4136 μνήμην
842 4081 883 4124 τοῦ

106 4146 197 4205 ἔρωτος,
204 4144 282 4200 ἐπειδὴ
293 4144 335 4202 πρὸ
343 4146 402 4205 ὥρας
412 4146 533 4203 μετήλλαξε
542 4149 580 4193 τὸν
589 4147 648 4207 βίον,
658 4149 685 4194 τὸ
695 4148 807 4207 μουσικὸν
816 4146 884 4207 ὸργα·

105 4232 142 4261 νον
151 4217 245 4268 ἐποίησε
258 4215 375 4268 κνίσύτως
385 4216 500 4263 ἐκάλεσεν.
513 4215 589 4278 [θοὰ.
603 4217 790 4278 πνρισμαράγου,
801 4229 884 4278 super·-

106 4283 433 4346 pasiloaiaine.]-e.''0:
450 4287 884 4349 σδέσενἀνορέαϊδςτῆνύπερη-

105 4359 186 4417 ρανὲαν
196 4359 329 4411 έπαυσετῆν
336 4358 496 4416 Περσικῆνκαί
503 4357 661 4414 τῆςίιπωλείας
670 4361 711 4411 την
727 4358 839 4419 Εὐρώπην
848 4357 883 4405 ἐὸ-

108 4428 200 4486 ρύσατο·
215 4429 270 4484 enei
281 4427 324 4486 γάρ
334 4426 368 4471 ότι
382 4428 478 4486 ἑνοργιῐις
489 4429 501 4473 6
513 4428 562 4475 Πάν
571 4423 721 4484 τοῖςἜλλησι
734 4428 884 4488 συνεμάχησε

107 4498 167 4543 κατά
183 4502 229 4544 τῶν
245 4496 373 4558 βαρὸάρων·
393 4498 480 4556 ἀνορέ
490 4515 521 4542 αν
532 4499 570 4556 δέ,
584 4499 626 4555 τὴν
646 4500 763 4559 Περσικὴν
774 4499 881 4559 αὐχησιν.

111 4573 114 4626 ‘3
126 4587 137 4610 a
151 4570 186 4614 De
197 4564 286 4613 auxilie
297 4562 362 4625 quod
373 4564 423 4609 Pan
434 4563 546 4624 praestilit
563 4566 756 4625 Atineniensibus
769 4567 884 4617 vidernea

107 4633 136 4681 ad
147 4634 240 4696 spring.
253 4635 353 4682 'l'lrener.
363 4633 401 4682 ed,
413 4648 461 4682 see.
474 4649 496 4697 p.
507 4638 561 4685 iii.
575 4656 585 4677 ν
602 4635 648 4698 Β.)
662 4668 689 4676 -
701 4641 724 4694 9,
740 4642 776 4686 10.
795 4643 884 4687 Ίσοιο

106 4704 157 4751 δέα
172 4705 384 4764 παππορόνου,
401 4705 449 4751 ἀντὶ
465 4710 506 4751 τοῦ
520 4707 646 4766 ὁμώνυμον
660 4712 701 4754 τού
714 4710 840 4770 Περσέως,
859 4711 883 4765 ὃς

107 4777 145 4820 τον
159 4775 253 4820 πάππον
264 4776 335 4822 αὐτοῦ
347 4777 386 4822 τὸν
403 4775 516 4833 ’λκρίσιον
531 4778 659 4825 ἀπέκτεινε.
676 4779 723 4836 'sip
733 4780 757 4827 δὲ
771 4781 884 4842 Εὐρώπην

108 4845 192 4901 Τυρίαν
206 4845 278 4901 εἶπεν,
291 4843 394 4903 ἐπειδῆῆ
411 4847 509 4906 Εὐρώπη
522 4848 883 4909 προσαναπαυόμεναι

109 4912 181 4969 [θοὰ.
197 4913 287 4975 ἐκείνη)
302 4914 338 4972 ῆν.
354 4914 432 4977 [θοὰ.
447 4916 530 4976 Τυρίας
543 4933 584 4975 τε,
595 4917 680 4966 inutile
692 4932 772 4968 versu.
790 4921 881 4969 Salina·

110 4983 160 5029 sins
186 4983 305 5044 supplevit
329 4985 414 5031 Τυρίαν
433 4984 453 5031 τ’
476 4987 605 5047 ἐρρύσατο,
630 4988 739 5037 lloissnn.
760 4990 842 5052 Τυρίοις
863 4993 884 5039 τ’

110 5053 221 5112 ορείλετο.
231 5052 240 5115 J
249 5079 280 5087 —
290 5058 325 5101 il.
339 5053 370 5116 ᾫ
385 5058 468 5114 τόδε,
478 5057 528 5104 ἀντὶ
541 5062 582 5106 τοῦ
596 5064 629 5119 τῷ
642 5062 699 5107 Πανί
714 5062 755 5117 την
771 5063 882 5122 σύριγγα,
905 5066 908 5107 l

928 2329 1039 2377 ἐλλείπειν
1051 2334 1080 2390 τῇ
1092 2334 1164 2391 φωνῇ.
1179 2354 1207 2362 --
1227 2333 1264 2377 19.
1284 2329 1344 2375 lla).
1352 2329 1377 2373 λι
1387 2326 1423 2374 ότι
1432 2343 1465 2373 αν
1483 2325 1503 2373 δ’
1515 2326 1562 2374 ἀπὸ
1574 2332 1615 2383 τού
1632 2329 1705 2384 καλὴν

929 2401 976 2448 ὀπα
996 2402 1149 2461 προρίρεσθοιι
1168 2397 1219 2461 [sic
1241 2401 1304 2457 lae,
1322 2397 1383 2447 θοὰ.
1409 2400 1462 2446 καλ.
1487 2395 1709 2460 qnodseqniinry¹

928 2472 1114 2532 περιεστιγμένον
1127 2472 1153 2517 et
1167 2480 1214 2516 vox
1226 2467 1429 2529 πατρορέρεσθαι).
1444 2495 1472 2502 -
1481 2473 1519 2516 20.
1534 2468 1709 2526 Πήλευστον

929 2541 952 2587 δε
961 2542 1003 2597 τὴν
1016 2540 1122 2601 ἀόρατον·
1137 2541 1163 2587 τό
1175 2541 1255 2601 γάρνῆ
1264 2540 1406 2600 στερητικὸν,
1419 2541 1445 2584 τό
1459 2539 1482 2586 δὲ
1495 2539 1601 2586 λεύσσειν
1623 2540 1670 2587 ἐστὶ
1683 2543 1709 2588 τό

929 2613 992 2672 ορᾷν.
1000 2637 1027 2643 -
1036 2612 1070 2657 lle
1077 2612 1156 2657 nielrn
1166 2609 1253 2658 ilerum
1262 2608 1314 2657 lraec
1323 2611 1471 2656 annotantur
1481 2622 1487 2654 :
1497 2611 1530 2657 Τὸ
1539 2610 1563 2656 δὲ
1572 2611 1709 2669 ποιημάτιον

929 2683 1070 2737 συνέστηκεν
1080 2697 1106 2726 εκ
1115 2682 1203 2742 μέτρων
1211 2680 1271 2727 ὅλων
1282 2679 1323 2740 μὲν
1333 2678 1487 2735 ὸακτυλικὼν,
1498 2679 1611 2735 ποσότητι
1620 2679 1644 2726 δὲ
1656 2680 1707 2727 δια-

929 2753 1050 2812 φερόντων·
1065 2752 1092 2798 τὸ
1108 2753 1148 2812 μὲν
1165 2751 1312 2812 γάρπρῶτον
1325 2750 1438 2810 δίστιχον,
1459 2748 1582 2812 ἑξάμετρον
1596 2749 1709 2806 ἀκατάλη-

929 2835 991 2869 κτον·
1007 2823 1033 2869 τὸ
1048 2821 1151 2882 δεύτερον
1163 2819 1203 2876 δὲ,
1220 2821 1341 2881 ἑξάμετρον
1358 2821 1537 2876 καταπληκτικόν·
1550 2824 1576 2868 τὸ
1587 2821 1611 2867 δὲ
1623 2821 1709 2883 τρίτον,

929 2891 1082 2953 πεντάμετρον
1095 2891 1263 2946 ἀκατάληπτον·
1274 2891 1301 2937 τὸ
1315 2892 1431 2951 τέταρτον,
1446 2891 1599 2953 πεντάμετρον
1619 2891 1707 2938 ἀκατά·

928 2965 1011 3018 ληκτον
1027 2963 1209 3018 [καταληκτικον
1220 2960 1273 3009 θοὰ
1292 2960 1310 3023 )·
1320 2962 1346 3008 τό
1358 2962 1471 3020 πέμπτον,
1489 2962 1639 3023 τετράμετρον
1650 2962 1709 3009 ἀκα-

907 3051 909 3057 ·
928 3035 1048 3090 τάληκτον·
1063 3035 1090 3081 τὸ
1106 3034 1180 3088 ἕκτον,
1194 3033 1345 3094 τετράμετρον
1363 3031 1547 3087 κοιταληκτικόν·
1566 3033 1591 3080 τὸ
1601 3033 1708 3094 ἒθδομον,

927 3104 1046 3160 τρίμετρον
1063 3097 1231 3152 ἀκοιτάληκτον·
1247 3095 1274 3143 τὸ
1284 3094 1376 3154 ὄγδοον,
1389 3095 1508 3154 τρίμετρον
1522 3098 1702 3152 καταληκτικὸν’

928 3173 954 3220 τὸ
970 3171 1084 3226 δέκατον,
1101 3167 1206 3228 δίμιτρον
1229 3166 1413 3223 καταληκτικὸν,
1432 3166 1473 3218 τάς
1493 3168 1628 3223 καταληξεις
1649 3169 1704 3231 έχον

927 3240 1055 3304 χορξαμιρο
1080 3237 1158 3300 [ἔχων
1179 3252 1237 3297 χωρ.
1260 3232 1338 3296 θοὰ.)
1354 3235 1393 3282 καὶ
1413 3236 1538 3295 μολοσσόν.
1564 3238 1631 3286 -Ὁ
1648 3244 1704 3298 γοῦν
1728 3251 1734 3258 ”

927 3314 1049 3373 Θεόκριτος
1072 3310 1181 3367 τὸγένος
1204 3305 1345 3366 Συρηκόσιος
1365 3305 1472 3365 ἡκμασεν
1495 3307 1534 3355 ἐπὶ
1555 3309 1704 3368 Πτολεμαίου

927 3388 969 3431 ,οη
987 3381 1140 3442 ψιλοδὲλρον.
1163 3402 1194 3410 -
1218 3379 1254 3424 lle
1277 3378 1342 3424 irisee
1367 3376 1491 3438 figuralis,
1516 3392 1572 3441 quau
1602 3385 1703 3441 vocant,

927 3452 1055 3520 poematiis
1069 3451 1149 3499 eistat
1164 3446 1314 3496 Boisserradii
1331 3447 1556 3508 dissertatiuncula,
1580 3450 1651 3500 docte
1665 3464 1705 3502 ea-

927 3527 983 3575 denr
996 3529 1020 3575 et
1031 3521 1154 3585 ingeniose
1169 3518 1271 3581 scripta,
1286 3518 1312 3566 in
1328 3518 1381 3580 ejus
1395 3518 1495 3567 Miscell.
1515 3534 1537 3568 a.
1561 3525 1617 3569 1863
1632 3521 1705 3570 edilis

928 3600 973 3647 t.l
996 3610 1019 3659 p.
1035 3595 1150 3643 sal-374.

960 3734 1032 3781 xliii.
1049 3734 1099 3781 ain
1115 3732 1227 3780 iernnrate
1239 3730 1323 3779 addidi
1338 3745 1425 3780 nornen
1447 3734 1545 3793 Σιμμίου
1560 3739 1585 3782 et
1603 3735 1638 3782 siu
1657 3748 1709 3782 enr-

928 3802 1039 3860 inlaesi,
1050 3815 1080 3851 ex
1089 3801 1232 3850 auctoritate
1243 3802 1422 3864 Hephaestionis
1433 3803 1508 3852 Eneir.
1520 3818 1533 3850 e.
1555 3811 1579 3861 9,
1589 3819 1612 3866 p.
1627 3810 1666 3863 bi,
1676 3815 1704 3853 σιν

927 3885 1001 3932 (luem
1014 3871 1100 3921 echols·
1116 3874 1280 3933 σύγγραμμαὸ
1293 3874 1408 3931 Πέίεκνς,
1420 3872 1469 3920 ἐπεὶ
1480 3872 1541 3920 κιτά
1554 3874 1652 3933 μίμησιν
1670 3892 1707 3921 πε-

928 3945 1011 3997 λέκεως
1026 3944 1175 3990 συντέθειται·
1187 3944 1277 4004 μακράν
1290 3943 1334 4003 γάρ
1348 3944 1489 4003 ἑκατέρωθεν
1503 3943 1610 3990 τέθεικεν·
1623 3945 1670 3991 ἐστι
1683 3946 1703 3992 6‘

928 4013 966 4058 καὶ
984 4015 1070 4074 Σραῐρα
1082 4014 1121 4059 καί
1141 4013 1225 4071 θρόνος
1248 4015 1388 4072 σύγγραμμα
1406 4012 1557 4072 καλούμενον.
1573 4016 1666 4081 ,Versus
1680 4030 1709 4063 en

928 4080 1014 4130 ordine
1026 4081 1120 4142 legendi
1133 4085 1205 4141 sant,
1222 4084 1249 4130 ut
1268 4082 1445 4145 intelligantur,
1462 4095 1535 4144 (luein
1549 4082 1656 4132 indie-ant
1668 4098 1710 4132 nu·

928 4153 989 4201 nieri
1001 4166 1015 4201 ιι
1029 4165 1068 4200 ine
1080 4151 1105 4199 in
1127 4152 1202 4200 latere
1213 4152 1326 4215 appositi.
1347 4172 1359 4196 ν
1384 4156 1414 4203 ll.
1437 4156 1508 4202 Hune
1527 4166 1626 4216 qrreque
1641 4155 1707 4202 ordi-

928 4235 984 4270 neni
997 4222 1163 4285 expressimus
1173 4223 1285 4285 exemplo
1296 4224 1410 4282 laeobsii
1425 4224 1469 4286 qui
1483 4239 1489 4266 ε
1505 4244 1516 4266 α
1530 4226 1655 4273 illustrare
1668 4240 1708 4271 en-

928 4294 977 4340 nati
997 4300 1055 4340 sunt
1074 4292 1159 4340 Claud.
1179 4291 1297 4341 auberius
1318 4293 1346 4342 ad
1364 4294 1457 4343 ealeern
1474 4294 1594 4344 Tireneriti
1610 4310 1633 4357 p.
1651 4301 1704 4351 243,

928 4359 1045 4408 Bradanus
1059 4360 1158 4409 lliseell.
1171 4362 1226 4416 Vll.
1240 4366 1278 4420 il,
1293 4363 1395 4411 Salmas.
1405 4363 1429 4411 in
1439 4365 1514 4413 inser.
1525 4365 1614 4414 Herod.
1626 4379 1650 4427 p.
1666 4370 1708 4413 λθθ

928 4442 996 4491 seqq.
1011 4430 1143 4479 Plurirnurn
1153 4430 1214 4479 lueis
1224 4432 1280 4481 lruie
1294 4433 1394 4482 earmiui
1407 4435 1543 4483 aerendunt
1553 4435 1644 4484 scholia
1659 4439 1706 4484 Co-

928 4500 997 4550 dicis,
1010 4523 1021 4543 ν
1036 4529 1064 4536 -
1083 4500 1162 4550 Schoi.
1178 4518 1183 4543 τ
1195 4505 1237 4550 Δεῖ
1248 4504 1288 4550 τὸν
1303 4504 1493 4563 ἀναγινώσκοντα
1503 4507 1542 4552 καί
1556 4507 1707 4566 ἐξηγούμενον

929 4574 986 4631 μετά
997 4572 1024 4620 τὸ
1039 4576 1129 4633 πρώτον
1141 4573 1217 4618 κῶλον
1231 4573 1258 4619 τὸ
1273 4575 1403 4621 τελευταῖον
1413 4576 1496 4636 λέγειν,
1514 4577 1565 4623 είτα
1583 4579 1609 4625 τό
1630 4578 1707 4626 δεύτε-

928 4658 966 4702 ρον
988 4642 1029 4690 ἀπ’
1048 4642 1119 4704 ἀρχῆς
1139 4644 1178 4690 καί
1196 4643 1245 4703 μετ’
1254 4645 1311 4690 αὐτὸ
1330 4645 1356 4691 τὸ
1372 4644 1476 4704 δεύτερον
1496 4647 1540 4693 ἀπὸ
1561 4650 1653 4709 τελους,
1666 4651 1706 4698 καί

928 4714 1001 4767 οὕτως
1016 4715 1111 4771 καθεξῆς
1127 4715 1170 4766 ἕως
1189 4721 1230 4760 του
1244 4715 1332 4773 μέσον,
1347 4717 1408 4762 ὣστε
1423 4719 1450 4763 τὸ
1468 4718 1539 4776 μέσον
1557 4720 1620 4772 τέλος
1637 4722 1706 4770 εἶναι.

928 4788 973 4831 ita
989 4786 1087 4833 πέλεκυν
1103 4790 1184 4832 τοῦτον
1203 4784 1296 4840 Ἐπειός
1316 4787 1437 4844 ἀνατίθησι
1452 4793 1481 4849 τῇ
1501 4786 1589 4852 Ἀθηνᾷ,
1604 4792 1623 4851 ᾧ
1638 4809 1706 4841 κατε-

928 4855 1029 4902 σκεύασε
1043 4857 1083 4903 τὸν
1093 4855 1194 4918 δούρειον
1207 4857 1287 4904 ἵππον.
1306 4859 1340 4904 ’ίο
1358 4873 1440 4916 μέτρον
1454 4859 1479 4906 δὲ
1498 4861 1652 4922 χοριαμόικόν
1663 4865 1703 4925 ἀρ·

923 4926 1024 4986 ’ξάμενον
1036 4925 1082 4973 ἀπὸ
1091 4927 1261 4982 καταληκτικού
1273 4927 1405 4989 ἑξαμέτρου,
1421 4930 1551 4988 καταλῆγον
1562 4933 1586 4979 δὲ
1598 4936 1628 4988 εἰς
1639 4935 1707 4994 ponti.

929 5011 1008 5055 μετρον
1028 4996 1146 5056 {apd-aiv.
1166 4995 1261 5052 Quibus
1276 4994 1330 5045 haec
1349 5012 1377 5046 er
1394 5004 1461 5059 parte
1479 5001 1537 5050 salsa
1559 5003 1705 5055 adduntur.

928 5066 960 5110 Τὸ
973 5065 1029 5112 αὐτὸ
1041 5067 1122 5126 μέτρον
1132 5070 1167 5127 τῷ
1186 5068 1314 5128 Πτερυγίῳ,
1325 5066 1383 5115 άλλόι
1398 5069 1499 5131 διαρέρει
1510 5073 1567 5119 καθὸ
1578 5075 1591 5120 6
1602 5075 1643 5134 μὲν
1658 5077 1703 5122 Πέ·

109 5130 153 5170 τῶν
170 5125 284 5184 ἀγροίκων
302 5125 428 5186 ἐπέραστον
446 5132 536 5186 κτῆμα,
552 5129 675 5185 Θεόκριτος
691 5130 799 5186 ἀνέθηκεν
817 5133 830 5179 6
845 5135 883 5180 Σι·
927 5136 992 5187 λεκυς
1002 5135 1050 5194 ἔχει
1061 5136 1088 5181 τὸ
1099 5139 1190 5197 πρῶτον
1204 5137 1280 5183 κῶλον
1292 5137 1346 5199 πρὸς
1356 5140 1522 5198 τῷτελευταίῳ
1532 5143 1705 5204 συναπτόμενον

109 5195 177 5255 μίχου
188 5195 300 5257 [σιμήχον
315 5196 392 5256 θοὰ.)
407 5204 471 5253 παῖς.
491 5199 704 5263 Τυρλορόρους
721 5201 745 5250 ti
766 5203 818 5250 εἶπε
829 5203 882 5258 τούς
927 5206 986 5250 κατά
998 5204 1110 5252 διάνοιαν·
1127 5206 1155 5255 τὸ
1166 5206 1189 5254 el
1210 5208 1335 5270 Πτερύγιον
1352 5211 1412 5257 κατά
1432 5212 1458 5258 τὸ
1476 5212 1525 5269 έξῆς
1542 5218 1588 5260 τῶν
1607 5216 1703 5277 στίχων.
