3810 5910
484 375 608 436 CAPUT
628 378 677 437 ix.
701 369 977 438 ΕΡΙΟΗΑΜΜΑἸἈ
1000 382 1334 442 DEMONSTRATIVA.

139 503 255 564 πολλάκι
267 511 327 581 γοῦν
339 505 420 578 αὐτὴν
437 506 509 587 ῥίψαν
520 509 566 566 ἀπ’
579 508 725 586 ἀθανάτων,

97 591 158 670 ἠέρι
168 592 214 650 καὶ
223 594 348 670 νεφέλῃσι
361 594 496 674 μετῇορον·
513 586 580 655 οἶδεν
590 596 722 676 Ὄμηρος,

137 680 185 738 καί
198 681 249 741 Δία
261 682 416 761 συγγράψας
428 688 461 762 τῇ
475 689 578 764 γαμετῇ
591 686 689 764 χόλων.

98 767 192 834 Οὕτως
207 770 329 831 οθδέποτ’
339 771 395 829 ἐστὶ
409 771 473 848 γυνὴ
488 773 625 852 σύμφωνος
640 777 748 856 ducite,

52 886 72 925 μ
137 855 196 916 οὐδὲ
212 858 257 916 καὶ
272 860 299 916 έν
315 858 420 938 χρυσέῳ
431 865 575 937 μιγνυμένη
588 863 701 942 δαπέδῳ.

360 1001 420 1052 166.
440 1003 500 1049 ΤΟΥ
518 1005 624 1053 ΑΥΤΟΥ.

958 533 1024 584 saepe
1037 524 1103 572 certe
1111 535 1165 572 eam
1179 521 1267 583 dejecit
1278 521 1309 571 ab
1319 522 1511 584 immortalibus,

926 609 1021 662 insere
1032 626 1061 662 ac
1074 612 1179 662 nubibus
1194 627 1336 676 suspensam
1351 634 1356 661 :
1371 614 1439 663 novit
1452 617 1582 671 Homerus.

958 701 1032 750 etiarn
1044 703 1130 751 seven
1140 681 1296 765 quissscripsit
1308 702 1376 751 uxori
1388 702 1487 752 iratum.

926 787 966 838 Sic
976 802 1100 852 nunqnam
1110 794 1148 839 est
1160 804 1221 839 uror
1231 804 1332 840 concors
1342 792 1441 850 orento,

957 891 988 926 ne
1000 877 1021 927 si
1030 877 1130 941 quidem
1142 879 1165 928 in
1180 893 1254 928 surm
1264 879 1335 930 nubit
1348 882 1410 932 solo.

1204 1016 1256 1059 166.
1278 1023 1426 1065 EJUSDEM·

99 1125 196 1181 ΙΙᾶσαν
209 1123 332 1201 Ὅμηρος
348 1123 428 1192 ἔδειξε
442 1123 527 1195 κακὴν
543 1125 675 1206 σφαλερόν
687 1150 717 1186 τε
728 1139 853 1206 γυναῖκα,
927 1145 1029 1192 οιαοειη
1048 1147 1171 1194 Homerus
1182 1143 1292 1195 ostendit
1302 1145 1391 1195 snaiam
1412 1146 1574 1210 fallacemque
1584 1158 1636 1196 csse
1651 1159 1706 1193 mn·

139 1210 263 1291 σώφρονα
278 1211 324 1268 καὶ
337 1213 444 1291 πόρνην,
460 1212 608 1293 ἀμφοτέρας
621 1213 736 1293 ὄλεθρον,

97 1299 148 1359 Ἐκ
161 1300 213 1377 γὰρ
228 1304 274 1369 τῆς
288 1299 398 1370 Ἑλένης
415 1302 624 1379 μοιχευσαμένης
637 1302 712 1383 φόνος
726 1306 839 1384 ἀνδρῶν,

136 1388 183 1446 καὶ
195 1390 238 1448 διδ
253 1390 425 1470 σωφροσύνην
441 1390 598 1462 Πηνελόπης
614 1392 730 1453 θάνατοι.

95 1475 178 1542 Ἰλεδις
193 1466 237 1535 uiis
249 1477 280 1535 τὸ
291 1478 398 1554 πόνημα
412 1487 475 1552 μιᾶς
488 1478 566 1558 χάριν
580 1479 636 1538 ἐστὶ
651 1485 781 1557 γυναικός·

136 1565 220 1645 ἀὐτὰρ
233 1564 376 1645 Ὀδυσσείῃ
394 1564 535 1637 Πηνελόπη
550 1567 686 1646 πρόφασις.

361 1712 418 1764 167.
439 1715 498 1760 ΤΟΥ
517 1715 622 1763 ΑΥΤΟΥ.

94 1838 131 1900 ’0
145 1836 211 1904 Zeis
226 1837 284 1897 ἀντί
298 1837 379 1917 πυρὸς
392 1844 447 1919 πῦρ
460 1837 566 1897 ὤπασεν
581 1839 662 1912 ἄλλο,
676 1849 811 1918 γυναῖκας.

136 1926 200 1987 Είθε
212 1924 239 1984 δὲ
255 1926 323 1999 μήτε
335 1924 399 2000 γυνὴ
409 1971 420 1999 ,
435 1926 503 2002 μήτε
514 1926 544 1984 εδ
556 1932 608 2006 πῦρ
623 1927 718 2006 έφάνηί

96 2016 156 2092 Πῦρ
168 2013 216 2090 μίν
227 2014 259 2084 δὴ
272 2013 374 2093 ταχέως
389 2013 434 2072 καὶ
447 2013 600 2073 οθέννυται·
613 2019 630 2085 ἡ
645 2016 673 2073 δὲ
686 2016 750 2093 γυνὴ
766 2023 818 2095 π’ύρ

135 2102 275 2176 desseret,
290 2101 424 2183 φλογερὸν,
436 2101 544 2162 πάντοέ
559 2101 748 2179 ἀναπτόμενον.

354 2248 415 2301 168.
436 2250 497 2297 ΤΟΥ
518 2251 625 2299 ΑΥΤΟΥ.

94 2382 207 2450 Μῆνιν
223 2381 414 2455 οὐλομένην
427 2377 546 2459 γαμετὴν
561 2383 575 2438 ό
589 2379 671 2447 τάλας
684 2381 837 2461 γεγάμηκα,

134 2467 180 2525 καί
193 2467 269 2548 παρὰ
282 2471 329 2538 τῆς
343 2466 439 2546 τέχνης
450 2467 557 2545 μήνιδος
570 2467 721 2548 ἅρξιίμενος.

93 2552 179 2641 ᾭμοι
193 2555 247 2636 ἐγὼ
258 2554 417 2631 πολόμηνις,
433 2554 501 2636 έχων
514 2556 655 2636 διχόλωτον
671 2557 797 2636 ἀνάγκην,

132 2644 226 2724 τέχνης
240 2647 428 2724 γραμματικῆς
439 2644 483 2703 καὶ
498 2648 617 2723 γαμετῆς
629 2643 760 2724 μαχίμης.

357 2793 419 2846 169.
436 2797 496 2843 ΤΟΥ
514 2797 621 2846 ΑΥΤΟΥ.

93 2927 180 2994 Mirus<
193 2922 331 3003 Ἀχιλλῆος
343 2921 389 2982 καί
403 2921 463 3001 ίμοί
477 2923 607 3003 πρόφασις
619 2920 756 2999 γεγένηται

132 3011 274 3088 οὐλομένης
288 3010 379 3084 πενίης
393 3010 697 3090 γραμματικευααμένῳ.

94 3099 158 3161 Etis
171 3100 198 3160 δὲ
215 3098 261 3158 σίιν
277 3100 390 3167 Δαναοῖς
406 3123 440 3177 με
453 3098 599 3159 κατέκτανε
611 3103 688 3175 μῆνις
702 3098 807 3170 ἐκείνη,

133 3191 194 3269 πρὶν
206 3191 321 3268 χαλεπὸς
334 3190 409 3266 λιμὸς
418 3193 605 3269 γραμματικῆς
619 3188 715 3247 ὀλέσει.

92 3278 163 3338 Ἀλλ’
175 3277 208 3337 ἵν’
221 3277 364 3359 άφαρπάξῃ
376 3277 507 3356 Βρισηίδα
522 3278 584 3357 πρίν
595 3277 777 3354 Ἀγαμέμνων,

131 3365 181 3437 τὴν
196 3365 307 3439 Ἑλένην
322 3367 345 3425 δ’
361 3370 375 3425 ὁ
391 3365 490 3445 Πάρις,
503 3365 610 3446 πτωχός
627 3365 678 3443 ἐγὼ
692 3362 814 3440 γενόμην.

354 3511 415 3562 170.
434 3513 495 3559 ΤΟΥ
513 3512 619 3561 ΑΥΤΟΥ.

93 3636 183 3711 Νηδδν
198 3637 370 3716 ἀναίσχυντον
385 3633 518 3717 ατιθαροῑς
531 3634 635 3714 ᾗσγυνα
651 3633 800 3712 λογισμοῖς,

124 3808 216 3871 Dedit,
229 3817 329 3873 ejectam
343 3806 457 3872 iuppiter
471 3821 527 3855 arce
543 3804 594 3872 poli

89 3893 220 3962 Suspendit
231 3892 325 3943 uetustis
338 3901 411 3957 atque
422 3907 487 3941 aere.
523 3890 597 3940 Novit
608 3891 742 3944 Homeros,

124 3981 216 4027 Iratum
230 3975 326 4042 scripsit
340 3973 383 4041 qui
393 3972 452 4030 tibi.
464 3976 548 4035 June,
560 3975 654 4022 Josem.

91 4063 220 4128 Nunquam
239 4059 312 4124 igitur
326 4073 426 4108 concors
440 4055 504 4106 rivet
517 4065 627 4106 matrona
639 4054 739 4113 marito,

123 4145 148 4195 Si
159 4160 205 4193 nec
219 4141 244 4192 in
261 4141 363 4192 etherio
377 4138 488 4206 praestitit
498 4137 673 4188 hocahaiamo.

383 4272 439 4322 166.
459 4287 575 4320 uusnsu.

92 4396 229 4447 Femineum
240 4409 314 4459 genus
327 4407 399 4441 omne
414 4405 503 4441 nooens
513 4387 562 4440 :ita
576 4396 657 4437 censet
669 4390 788 4436 Homerus
801 4401 807 4436 :

122 4477 221 4529 Grande
234 4473 324 4525 malum
335 4471 429 4523 moscha
446 4481 481 4522 est
491 4506 499 4532 ‚
508 4471 597 4536 grande
608 4469 694 4534 pudica
708 4468 804 4518 unairim.

90 4562 180 4612 Multas
193 4576 244 4610 ωε
258 4572 329 4608 neces
346 4555 438 4606 Helene
446 4553 604 4603 siat'aduitera
620 4569 625 4602 ε
640 4567 722 4601 rernm

122 4646 192 4695 Casta
214 4642 257 4691 dat
270 4650 296 4690 et
311 4637 547 4702 muitas'i‘enciopea
566 4651 643 4684 neres.

88 4726 144 4777 ilias
156 4726 299 4775 immensum
310 4736 407 4772 mrmen
421 4728 530 4769 uersatur
544 4718 568 4766 in
584 4733 649 4776 nna,

121 4811 223 4872 umque
237 4806 348 4872 Odyssea
361 4801 450 4852 iemina
465 4799 564 4849 materia
578 4808 622 4848 est.

379 4934 433 4992 167.
457 4945 576 4977 ususnsss.

83 5052 126 5102 sb
137 5055 200 5101 Jove
213 5066 258 5117 pro
268 5048 366 5099 flamma
378 5048 434 5097 data
445 5045 515 5096 nobis
527 5046 602 5093 altera
612 5043 706 5092 tiarnrna
719 5053 753 5092 est

118 5134 230 5192 semina,
244 5143 270 5183 st
280 5150 296 5184 ο
307 5133 328 5184 si
339 5149 389 5182 uon
402 5131 457 5190 ilia,
467 5145 512 5178 nec
530 5127 572 5176 iiis
586 5125 656 5176 foret.

84 5217 169 5270 sed-ri
180 5225 262 5266 tumen
275 5217 317 5266 iiia
330 5225 409 5282 potest
422 5215 470 5264 cito
486 5229 492 5263 :
507 5207 595 5261 temim
608 5224 750 5274 nunquam,

196 5319 338 5358 amomon
352 5321 379 5357 il·

957 1230 1706 1305 modestametmeretricem,utramqueperniciosam.[lienem.

924 1319 1021 1370 Etenim
1030 1333 1061 1371 ex
1074 1322 1173 1372 Helenae
1186 1321 1307 1372 adulterio
1317 1321 1399 1373 caedes
1411 1323 1470 1373 orto
1479 1323 1589 1373 uirorum
1597 1301 1654 1384 est,¹

956 1411 981 1457 et
994 1422 1038 1471 per
1049 1409 1194 1460 modestiam
1211 1410 1343 1474 Penelopes
1356 1411 1450 1462 tenera.

926 1494 984 1546 ilias
993 1497 1069 1560 igitur
1079 1512 1141 1561 opus
1150 1497 1225 1548 unios
1234 1498 1312 1563 gratia
1324 1499 1419 1550 exstitit
1429 1499 1555 1561 mulieris;

957 1583 1074 1646 Odysseae
1083 1587 1167 1633 autem
1178 1585 1298 1650 Penelope
1310 1600 1385 1638 cansa
1395 1588 1458 1653 soit.

1205 1722 1256 1768 tei.
1278 1729 1429 1772 EJUSDEM.

924 1846 1038 1909 Juppiter
1047 1862 1091 1911 pro
1102 1851 1156 1914 igne
1165 1851 1246 1916 ignem
1256 1851 1363 1915 praebuit
1372 1851 1457 1913 atium,
1472 1852 1588 1901 mutieres

956 1936 1055 1985 Utinam
1071 1951 1130 1988 vero
1147 1953 1227 2002 neque
1241 1939 1340 2001 mulier,
1350 1952 1429 2002 neque
1443 1939 1506 2002 ignis
1518 1939 1686 2002 apparuisset!

922 2022 988 2085 Ignis
993 2022 1092 2087 quidem
1098 2039 1156 2076 sanc
1162 2028 1211 2077 cito
1217 2027 1291 2076 etiam
1301 2027 1465 2091 exstinguitur
1471 2043 1478 2084 ;
1484 2027 1526 2078 scd
1534 2026 1623 2077 mulier
1629 2029 1668 2077 est
1674 2027 1704 2088 ig-

955 2109 1122 2181 inenstinctus‚
1132 2114 1269 2175 flammeus,
1281 2112 1644 2178 semper-et·ubiqueeserdens.
1658 2111 1705 2177 [nis

1199 2260 1252 2307 168.
1275 2266 1431 2309 EIUSDEM.

925 2403 937 2428 ι
949 2389 1013 2435 iram
1025 2386 1147 2437 torrentur
1160 2409 1171 2431 ιι
1184 2402 1285 2438 uxorem
1296 2389 1452 2449 miseriori,

954 2473 1029 2523 enam
1039 2473 1140 2536 jubente
1150 2479 1202 2526 arte
1218 2495 1230 2520 u
1245 2475 1328 2527 aii-ira
1340 2499 1352 2520 »
1361 2476 1487 2541 incipiens.

922 2564 969 2615 Hei
978 2557 1045 2625 mint
1056 2566 1320 2628 ira-cumulatussum,
1331 2566 1705 2631 habensdupticis-iroenecesst·

952 2655 1013 2703 artis
1022 2655 1186 2718 grammatica
1195 2658 1221 2705 et
1234 2669 1330 2720 sponsae
1341 2656 1465 2719 pugnacis.
1618 2656 1705 2721 [tuteru

1202 2791 1252 2837 169.
1277 2797 1426 2841 BJUSDEM.

896 2879 899 2900 ί
923 2926 963 2975 tra
974 2923 1075 2974 aciritiis
1083 2926 1108 2974 et
1117 2922 1179 2973 milri
1187 2937 1262 2974 cansa
1273 2925 1391 2975 iacta-est

956 3013 1061 3063 iunestm
1074 3013 1227 3076 paupertatis
1239 3012 1563 3077 grammaticam-tractanti.

896 3056 899 3167 i
922 3104 1020 3156 Utinam
1032 3107 1180 3154 autemeam
1193 3104 1282 3154 Danais
1295 3118 1335 3154 mc
1347 3103 1512 3155 interemisset
1526 3103 1561 3152 ira
1573 3107 1625 3160 ilia,

952 3197 1082 3256 antequam
1096 3193 1159 3243 dure
1170 3193 1248 3243 taines
1261 3192 1427 3257 grammaticae
1439 3205 1481 3242 arc
1495 3191 1592 3256 perdet!

921 3281 968 3331 Sed
981 3295 1031 3345 qno
1042 3284 1139 3344 raperet
1149 3280 1260 3332 Briseida
1273 3279 1332 3331 olim
1345 3287 1519 3345 Agamemnon,

952 3370 1110 3432 tietenenqne
1124 3369 1199 3430 Paris,
1215 3368 1343 3420 mendicus
1357 3384 1401 3433 ego
1414 3370 1572 3420 tactus-sum.

1200 3513 1251 3561 170.
1276 3521 1427 3562 BJUSDEM.

922 3643 1040 3690 ventrem
1049 3639 1219 3703 impudentem
1229 3639 1346 3704 gravibus
1353 3637 1460 3702 repressi
1471 3638 1695 3690 ratiocinationibus
1783 3654 1793 3670 ·

952 3800 1065 3866 Undique
1077 3800 1242 3856 inardescens,
1257 3799 1363 3866 undique
1374 3809 1449 3848 semet
1461 3798 1536 3849 aiens.

1215 3921 1270 3968 168.
1289 3935 1404 3970 unsusu.

1085 4022 1114 4066 Ιιι
1132 4035 1228 4066 uxorem
1247 4036 1314 4068 suam
1337 4017 1534 4070 Andromachen.

918 4138 982 4183 tram
999 4134 1134 4200 pestiferam
1147 4135 1218 4185 miser
1231 4135 1278 4186 heo
1290 4155 1335 4204 pro
1346 4139 1445 4204 conjuge
1457 4140 1513 4189 duxi
1528 4157 1534 4191 :

951 4218 1018 4267 Artis
1032 4216 1178 4284 principium
1189 4234 1236 4270 nce
1246 4219 1325 4271 minus
1336 4221 1374 4271 ira
1385 4221 1445 4272 mihi
1457 4232 1502 4272 est.

917 4288 956 4350 sie
969 4300 1064 4365 gemino
1081 4300 1158 4364 gnaris
1169 4301 1206 4351 ira
1220 4311 1288 4352 tenet
1300 4318 1339 4353 me
1352 4305 1467 4371 compede
1482 4306 1602 4366 sinotum,

950 4383 1017 4432 Artis
1028 4383 1208 4441 Grammaticus,
1220 4386 1326 4452 conjugis
1338 4388 1466 4444 indomite.
1547 4425 1550 4430 .

1213 4489 1269 4552 169.
1287 4506 1403 4542 sensnum.

918 4590 956 4636 ira
969 4596 1025 4649 tua,
1038 4588 1150 4648 AEacide,
1164 4604 1220 4637 nam
1235 4599 1313 4639 tracto
1325 4601 1435 4656 poemata
1448 4608 1548 4658 pauper,

949 4669 1015 4720 otim
1029 4669 1095 4726 aliis,
1109 4670 1149 4718 sed
1165 4686 1228 4719 nnrrc
1239 4672 1371 4736 perniciose
1381 4672 1441 4722 mihi
1451 4682 1495 4723 est.

915 4758 938 4802 0
949 4753 1042 4803 utinam
1057 4770 1096 4803 me
1106 4771 1159 4803 curn
1174 4755 1263 4805 Danais
1276 4756 1397 4806 occideret
1408 4756 1464 4812 illa,

947 4838 986 4888 Ns
1002 4838 1098 4902 gravior
1110 4838 1190 4888 reniet
1206 4855 1269 4886 ruors
1281 4837 1356 4898 mihi,
1368 4840 1437 4889 docta
1449 4841 1531 4890 sauses.

913 4920 984 4983 Quod
1000 4920 1066 4969 Paris
1077 4930 1133 4968 ante
1147 4921 1263 4968 Helenam
1273 4959 1280 4981 ,
1291 4922 1395 4972 Briseida
1410 4924 1473 4989 cepit
1487 4924 1596 4984 Atrides,

947 5006 1004 5052 nec
1017 5001 1076 5050 mihi
1089 5019 1152 5052 rrnnc
1164 5019 1234 5051 cansa
1244 5013 1292 5066 cst,
1303 5021 1346 5054 eur
1358 5021 1401 5070 ego
1414 5006 1447 5054 nii
1459 5007 1561 5072 capiam.

1213 5136 1268 5180 spo.
1289 5138 1407 5171 ssusnsss.

912 5214 1029 5282 Experior
1042 5217 1157 5264 Ventrem
1171 5216 1302 5282 reprimens
1313 5235 1423 5269 sermone
1436 5233 1537 5284 sevam,

1561 5316 1574 5352 3
