3810 5910
171 359 210 417 nl
730 346 984 408 AN'l’HOLOGlAE
1007 344 1208 404 l'ltLliTlNAE

405 484 578 548 Ἀνταπόκρισις
588 484 714 547 Ἀρκάδων.

168 588 250 653 ”Οσσ’
266 591 358 670 ileum
374 592 520 666 λιπόμεσῦ,
531 593 588 655 ὅσα
601 593 652 670 οὐχ
665 590 758 667 ὶλομιν
773 588 934 671 ρερόμεσόα.

468 733 531 784 449.
551 735 648 782 ΑΔΔΟ.

335 825 405 882 Τίνας
415 828 444 876 ἂν
458 825 520 876 sinor
532 824 614 886 λόγους
628 826 704 889 Ἔρως
716 825 782 888 ίρῶν.

170 952 215 1019 Τίς
230 951 292 1030 πυρί
308 957 362 1032 πῦρ
375 951 525 1027 ίδοίμασσε;
540 951 579 1031 τίς
593 948 685 1009 isdem
699 948 820 1024 λαμπάδι
834 945 947 1027 πυρσόνι

170 1040 208 1106 τί,
223 1040 280 1098 κατ’
295 1044 359 1114 ἐμῆς
375 1043 465 1116 νευρῆς
478 1038 569 1117 ἑτίρην
587 1036 747 1098 ίτανόσσατο
763 1035 869 1116 νευρήν,

161 1128 257 1195 ’καινὸς
271 1127 357 1207 Ἔρως
370 1131 429 1186 κατ’
440 1124 560 1206 'Epeiros
573 1129 630 1205 ἐμῷ
643 1124 715 1201 μίνει
728 1129 878 1205 ἰσοφαρίζει.

396 1279 462 1329 450.
484 1269 723 1328 ΦΙΛΗΜΟΝΟΣ.

119 1432 127 1448 '
212 1414 246 1473 Ei
258 1419 314 1478 ταῖς
330 1409 492 1481 ἃληθείοιισιν
505 1411 528 1467 oi
543 1408 692 1480 τεθνηκότες

211 1499 329 1572 αἴσθησιν
344 1491 430 1578 εἶχον,
444 1499 534 1576 ἄνδρες
548 1496 582 1562 ὥς
594 1498 672 1575 φασίν
688 1520 771 1568 τινες,

416 1730 479 1781 451.
500 1730 696 1777 ΛΔΕΣΠΟΤΟΝ..

171 1824 239 1881 Τίνας
253 1827 282 1873 ἂν
292 1824 355 1874 είιιοι
367 1824 450 1886 λόγους
463 1823 522 1887 πρὸς
534 1819 641 1886 Πρόκνην
656 1821 697 1878 την
707 1820 805 1882 ἀδελφὴν
817 1818 950 1882 ostentis.

172 1949 222 2015 Σός
236 1972 269 2024 με
283 1947 359 2014 πόσις
372 1943 512 2026 κακοεργός
523 1942 562 2002 tvl
575 1943 707 2020 οπόλυγγι
723 1941 812 2022 βαθείῃ

173 2036 309 2113 μουνώσοις
326 2035 508 2119 βαρόποτμον,
530 2031 596 2109 ἐμὴν
611 2031 740 2111 ἀπίκερσε
754 2030 872 2110 κορείην·

173 2124 270 2202 στυγνὰ
285 2123 312 2182 δι’
326 2148 370 2201 μοι
384 2124 461 2201 πόρεν
477 2120 536 2181 ἕδνα
552 2120 725 2191 πολυτλήτοιο
743 2121 853 2196 γάμοιο·

173 2216 296 2292 γλῶσσαν
312 2213 377 2292 ἐμὴν
393 2213 527 2292 idipsum,
544 2213 589 2271 καὶ
609 2211 713 2271 ίσόεσεν
733 2207 830 2268 iiidie
851 2206 951 2288 ροινήν.

472 2365 534 2415 452.
556 2368 649 2413 ᾸΔΔΟ,

484 2457 524 2512 Εἰς
537 2457 565 2505 τό
577 2457 644 2506 αὐτό.

112 2619 114 2623 ·
175 2586 277 2662 Χαῖρε,
295 2580 422 2658 Πρόκνη,
436 2579 510 2661 παρὰ
523 2592 578 2641 σεῖο
599 2581 759 2659 κασιγνήτης
780 2583 955 2656 Φιλομήλης,

174 2672 277 2752 χαίρειν
290 2674 312 2729 ti
325 2670 382 2729 τόδε
395 2674 419 2747 γ’
439 2670 525 2728 ἔστιν·
541 2673 604 2747 ἐμοῦ
620 2674 648 2730 δι’
663 2693 703 2729 σοι
716 2670 799 2751 ἄλγεα
813 2677 896 2749 θυμοῦ

174 2759 273 2827 πίπλος
286 2758 471 2836 ἀπαγγείλειε,
482 2757 515 2817 τό
528 2781 573 2834 μοι
587 2759 678 2837 λυγρὸς
693 2757 783 2818 ὤπασε
796 2759 913 2838 Τηρεὺς,

176 2848 203 2915 ός
217 2851 244 2924 μ’
261 2848 336 2928 ἔρξας
352 2848 520 2929 βαρόποτμον
536 2852 561 2907 ἐν
577 2850 663 2927 ἕρκεσι
677 2848 865 2925 μηλονομήων,

176 2941 279 3017 πρῶτον
290 2937 432 3017 παρθενίης
437 2983 446 3010 ,
461 2937 603 3009 μετέπειτα
617 2939 638 2994 δ’
655 2935 772 3015 ἐνόσφισε
787 2943 881 3017 φωνῆς,

398 3087 465 3137 453.
493 3078 735 3137 menstruos:

179 3213 261 3280 Αότδς
277 3217 290 3270 ό
306 3217 366 3292 βοῦς
379 3214 466 3283 ίκόιης
483 3212 642 3290 ίπιόόνμιος,
659 3213 753 3291 αἰόίριε
769 3215 836 3289 Ζεῦ,

219 3309 352 3379 μυκᾶται,
370 3303 458 3381 ψυχὴν
471 3301 594 3383 ῥυόμενος
608 3303 730 3361 θανάτου.

181 3388 258 3449 ltili
274 3390 364 3466 μέόες,
383 3390 515 3468 Κρονίδη,
529 3391 572 3449 τόν
583 3390 705 3472 οίροτρία·
722 3391 766 3448 καί
781 3389 812 3450 σὺ
822 3388 872 3471 γὰρ
884 3390 957 3458 αὐτὸς

218 3478 347 3559 πορθμεὺς
364 3479 492 3557 Εὐρώπης
507 3484 616 3559 ταῦρος,
633 3479 713 3555 ἄναξ,
727 3478 824 3558 ἐγένου.

456 3626 518 3676 454.
539 3628 678 3675 ΑΔΗΛΟΝ.

264 3715 333 3771 Τίνας
348 3716 376 3763 ἂν
391 3715 452 3764 tium
467 3717 549 3775 λόγους
567 3717 687 3775 Καλλιόπη
700 3718 731 3771 είς
744 3717 867 3777 Γεώργιον.

218 3832 301 3903 Oinoe
317 3835 376 3912 ἐμός
391 3838 493 3914 γενέτηι
506 3835 626 3914 γνήσιος,
639 3838 667 3893 οὐ
682 3835 816 3913 Κρονίδης.

490 4011 639 4074 Responsum,

179 4107 325 4158 Perdidimus
337 4117 432 4174 eaptus,
445 4125 492 4156 non
503 4118 583 4174 captus
595 4109 723 4159 redierimus
735 4125 781 4159 res.

332 4215 388 4273 449.
408 4225 470 4266 quen
489 4225 592 4258 ntuetr
610 4225 701 4257 cumno
719 4226 801 4258 suess.

178 4293 238 4356 Quis
251 4293 301 4342 iace
315 4292 443 4343 fervidiore
456 4293 532 4344 iucem
544 4294 642 4344 domat?
657 4294 709 4358 igne
721 4295 774 4359 quis
788 4294 886 4358 inirem?

181 4378 249 4427 Unde
263 4394 317 4428 meo
331 4394 405 4428 uerso
417 4393 504 4429 nervus
516 4378 650 4428 contrarius
661 4378 740 4428 alter?

179 4467 252 4512 Ortus
266 4466 342 4511 Amor
355 4477 430 4511 novus
441 4469 477 4511 est
488 4459 534 4525 ipsi
546 4460 588 4525 qui
600 4461 671 4510 bellet
684 4459 777 4510 Amori.

392 4552 396 4564 ’
457 4562 515 4617 rso.
533 4575 682 4607 rsrnrrsorns

433 4661 517 4693 uersus
529 4643 559 4692 de
570 4641 693 4710 Euripide.

212 4737 267 4782 Post
279 4731 327 4782 ista
338 4733 357 4783 si
371 4733 423 4796 quis
434 4741 505 4788 esset,
516 4740 543 4779 ut
556 4731 652 4795 quidem
666 4739 765 4796 putent,

211 4819 296 4867 Sensus
306 4825 434 4882 superstes,
447 4814 496 4880 ipse
509 4831 546 4863 me
558 4815 741 4878 suspenderem,

212 4902 264 4949 Ηαο
277 4917 332 4966 spe,
342 4900 424 4948 liceret
438 4906 464 4947 ut
478 4899 558 4947 sidere
572 4899 720 4964 Euripidem.

355 5002 412 5058 451.
432 5016 494 5057 Qurn
512 5016 613 5049 nrxsmr
630 5017 661 5048 sn
677 5017 789 5049 nnocnss

438 5099 542 5132 sororem
556 5082 691 5137 Philomela.

181 5179 284 5228 Mettius
298 5176 358 5228 heu!
372 5177 459 5243 conjux
475 5193 536 5227 enno
549 5179 651 5229 rrtrdelis
664 5180 688 5228 in
703 5190 772 5229 antro

1246 486 1388 541 Remum
1399 483 1519 529 A'OEdum‘
1541 517 1766 582 [bissum-gerimus

994 601 1118 667 Quidquid
1133 602 1243 666 cepimus
1255 602 1414 666 reliquimus,
1425 604 1542 667 quidquid
1556 620 1604 656 non
1614 606 1723 670 repimus
1732 621 1775 655 no-

1291 739 1345 786 ste.
1369 747 1479 788 tutuo.

1150 849 1212 899 Quos
1223 846 1315 893 nuberet
1330 858 1445 894 mentones
1460 853 1531 895 Amor
1541 860 1626 897 amens

996 961 1058 1020 Quis
1075 961 1131 1026 igne
1143 961 1225 1026 iguem
1240 961 1355 1013 domuit?
1367 964 1423 1027 quis
1436 964 1551 1017 exstinxit
1562 963 1675 1029 lampade
1686 964 1779 1014 issem?

995 1053 1053 1116 quis
1069 1052 1190 1103 adversus
1200 1065 1283 1103 meum
1301 1067 1404 1105 nervum
1420 1055 1524 1105 alterum
1542 1055 1648 1106 tetendit
1662 1060 1779 1106 nervum?

996 1144 1080 1192 Novus
1093 1146 1168 1192 Amor
1180 1141 1300 1192 adsersus
1313 1145 1431 1194 Amorem
1444 1158 1500 1194 rnen
1514 1144 1600 1196 robore
1614 1145 1748 1195 contendit.

1256 1287 1310 1333 450.
1326 1284 1523 1333 Pflmsttuuts.

1029 1422 1053 1471 Si
1064 1434 1151 1471 rerem
1162 1422 1254 1470 mortui

1028 1523 1127 1560 sensum
1141 1509 1274 1568 heberent,
1288 1509 1335 1559 riri
1346 1513 1376 1560 ut
1394 1509 1601 1573 dicuntquidun,

1027 1597 1275 1661 mosuspendisssm‚
1286 1599 1314 1647 ut
1327 1597 1438 1647 riderem
1446 1597 1594 1660 Euripidem.

1269 1730 1324 1776 451.
1346 1739 1507 1781 suonrstt.

1031 1842 1092 1894 Quos
1104 1841 1196 1887 heberet
1207 1852 1323 1887 terniones
1334 1840 1363 1886 td
1379 1844 1482 1887 Procnen
1494 1851 1596 1886 sororem
1615 1840 1746 1885 Philomela.

998 1958 1066 2006 Tuus
1078 1970 1117 2006 rue
1131 1956 1170 2006 vir
1184 1955 1310 2006 maleficus
1319 1955 1344 2005 in
1361 1957 1477 2020 spelunea
1493 1954 1612 2019 profundo

999 2043 1781 2108 s-sociissepernritiuielicetnetmeurndecerpsitrirginltnterm

999 2133 1103 2184 invisent
1109 2132 1339 2197 veromilripnnhuit
1345 2131 1624 2182 dotemosrumnossrum
1630 2132 1782 2196 nuptiarum:

1000 2221 1107 2286 linguam
1115 2235 1196 2272 meent
1206 2221 1325 2280 messuit,
1338 2224 1363 2270 et
1375 2218 1494 2271 exstinxit
1506 2232 1609 2284 grutem
1619 2219 1743 2281 loquelam

1296 2360 1352 2408 452.
1373 2367 1486 2410 estun.

1250 2474 1277 2517 ln
1291 2471 1351 2516 uleus
1362 2475 1528 2528 argumentum.

1001 2587 1085 2648 sulse,
1099 2587 1207 2646 Prome,
1222 2597 1236 2634 α
1249 2587 1293 2636 tus
1304 2596 1388 2634 sorore
1406 2582 1550 2641 Philomela,

1002 2676 1097 2726 salvere
1110 2674 1132 2726 si
1143 2673 1191 2725 hos
1202 2676 1258 2726 est:
1273 2672 1322 2723 rnei
1337 2676 1421 2722 nutem
1436 2671 1480 2720 tibi
1495 2670 1591 2721 dolores
1608 2668 1682 2718 animi

1000 2763 1088 2827 peplos
1101 2763 1212 2822 nunciet,
1224 2774 1287 2825 quos
1298 2760 1359 2811 milri
1373 2772 1455 2810 sessus
1464 2758 1549 2809 attulit
1563 2759 1672 2818 Tereus,

1000 2853 1041 2916 qui
1056 2865 1096 2902 me
1107 2850 1206 2902 inclusit
1217 2848 1408 2901 infelicissimam
1421 2849 1446 2898 in
1459 2847 1534 2912 septis
1549 2846 1693 2909 upilionum,

1001 2946 1026 2993 et
1036 2943 1144 3006 primurn
1157 2941 1310 3005 virginitnte,
1327 2939 1415 2991 deinde
1427 2953 1486 2989 vero
1498 2927 1605 3002 priririt
1622 2951 1691 2986 νοοο.

1271 3084 1325 3129 453.
1344 3079 1513 3128 tinnulum.

1001 3222 1058 3282 lpse
1076 3220 1120 3270 bos
1136 3220 1237 3283 supplex
1254 3217 1445 3276 sris-ednotus,
1459 3217 1565 3267 {etheree
1578 3216 1682 3280 Jupiter,

1032 3309 1127 3373 mugit,
1139 3309 1244 3359 enititum
1254 3307 1388 3358 defendens
1399 3309 1520 3357 umoris!

1001 3397 1049 3447 Sed
1065 3397 1176 3456 dimitte,
1188 3395 1314 3454 Saturnis,
1326 3399 1463 3455 erutorem3
1475 3398 1501 3445 et
1513 3396 1540 3444 tu
1560 3393 1624 3444 enim
1638 3393 1690 3457 ipse

1033 3489 1118 3536 rector
1131 3489 1241 3548 Europes
1254 3488 1353 3545 taurus,
1366 3498 1381 3532 o
1398 3483 1473 3544 deus,
1488 3482 1567 3532 fuisti.

1281 3618 1338 3666 454.
1366 3627 1504 3668 incuset.

1010 3749 1012 3754 ¹
1096 3735 1158 3787 Quos
1172 3731 1264 3778 heberet
1278 3743 1394 3776 sermones
1409 3731 1507 3788 calliope
1516 3729 1544 3774 sd
1557 3731 1689 3785 Georgium.

1036 3845 1080 3894 llio
1095 3859 1166 3896 rrieus
1180 3848 1249 3910 puter
1259 3857 1348 3902 verus,
1361 3855 1410 3892 non
1424 3843 1558 3893 Setumius.

946 4073 947 4076 γ
1003 4009 1107 4070 Clausit,
1120 4017 1143 4056 et
1154 4006 1242 4072 eripuit
1257 4007 1360 4063 miserm,
1374 4022 1501 4071 germane,
1517 4007 1646 4072 pudorem,

1004 4097 1032 4142 Et
1047 4091 1106 4141 mihi
1119 4092 1186 4141 triste
1201 4091 1266 4140 dedit
1280 4091 1378 4140 violenti
1391 4106 1477 4140 munus
1488 4091 1591 4151 sutoris,

1003 4179 1113 4226 Erelleris
1127 4178 1279 4242 linguamque
1292 4176 1361 4239 simpl
1376 4178 1520 4242 Graiumque
1534 4175 1662 4241 loquelam.

1247 4262 1303 4317 452.
1324 4258 1401 4310 Aliud
1410 4257 1441 4309 de
1452 4259 1543 4309 eudem.

1003 4347 1076 4396 Mitto
1086 4347 1130 4395 riui
1144 4351 1234 4396 Procne
1245 4362 1314 4397 soror
1323 4345 1385 4396 hunc
1395 4344 1528 4395 Philomela
1539 4345 1640 4395 sulutem
1646 4377 1653 4401 ,

1002 4429 1026 4480 Si
1039 4447 1084 4494 qun
1097 4431 1160 4479 salus
1171 4429 1249 4479 uobis.
1286 4435 1373 4479 Luctus
1387 4428 1430 4478 tibi
1440 4429 1488 4479 tels
1499 4430 1610 4494 loquetur

1003 4519 1049 4563 Ista
1065 4531 1143 4572 meos,
1155 4530 1209 4578 quae
1221 4514 1268 4561 sols
1281 4523 1372 4579 potest,
1386 4522 1410 4562 et
1422 4512 1522 4562 crimina
1535 4511 1620 4573 Terei,

1003 4599 1050 4664 Qui
1064 4599 1124 4648 mihi
1134 4636 1140 4659 ‚
1152 4599 1290 4664 decerptum
1303 4608 1355 4664 post
1371 4597 1512 4661 virginitatis
1528 4594 1661 4658 honorem,

1002 4684 1082 4749 Nigris
1094 4684 1118 4732 in
1128 4682 1227 4732 stabulis
1242 4697 1309 4731 usum
1326 4697 1421 4747 qnoque
1432 4679 1497 4730 roris
1508 4679 1605 4732 ademit.

1184 4765 1241 4818 453.
1263 4781 1325 4820 qum
1344 4779 1446 4812 οιιιειιιπ
1463 4778 1607 4816 messines,

1152 4863 1203 4892 cum
1217 4842 1258 4892 bos
1270 4846 1323 4892 tovi
1334 4842 1507 4911 sacrificandus
1520 4843 1630 4909 mugiret.

1003 4930 1124 4996 supplicat
1137 4930 1186 4995 ipse
1197 4931 1240 4978 tilii
1251 4938 1346 4984 taurus,
1358 4930 1398 4995 qui
1409 4928 1482 4995 mugit
1496 4929 1524 4977 ed
1538 4944 1618 4988 erem,

1036 5015 1158 5081 Juppiter,
1171 5024 1194 5063 et
1207 5015 1280 5064 dones
1290 5015 1366 5064 tristia
1381 5014 1438 5073 istu,
1451 5023 1526 5078 rogat.

1003 5100 1085 5148 servet
1097 5107 1215 5147 meterem
1226 5097 1353 5147 elementis
1365 5096 1469 5149 numinis
1483 5112 1489 5145 ι
1505 5094 1561 5146 oiim

1037 5181 1143 5231 Portitor
1155 5184 1257 5248 Europe
1267 5192 1292 5232 tu
1306 5197 1402 5249 quoque
1414 5191 1496 5232 tnnrus
1509 5196 1569 5230 erar.
