3810 5910
603 403 729 465 CAPUT
750 401 826 465 xvi.
851 399 1047 462 APPENDIX
1070 393 1288 457 PLANUDEA.

420 541 480 591 ²49.
502 543 640 590 launoii.

143 668 305 748 Δερκόμονος
320 665 409 735 ξόανον
423 663 502 724 καλὸν
517 662 591 742 τόδε,
608 665 656 724 τόιν
668 662 839 746 Ἀφροδίταν,

184 755 314 837 ὦνθρωφ’,
325 757 450 828 ίλοίοκευ,
464 755 574 814 πλοτίον
591 755 723 831 ἑζόμενος·

145 848 211 904 αἴνει
226 845 252 904 δὲ
266 846 400 922 Γλυκέραν
413 845 564 916 Διονυσίου,
577 843 594 901 ἅ
611 848 638 920 μ’
652 843 761 916 ἀνέθηκε

183 932 330 1017 πορφυρέας
345 931 448 990 ἁπαλὸν
464 937 535 1008 κῦμα
549 932 613 1009 παρ’
626 930 720 1002 ἠϊόνος.

415 1074 478 1147 250.
508 1075 648 1122 Adiiaob‘.

459 1196 498 1252 Ei:
511 1195 613 1258 Ἔρωτα.

145 1316 179 1375 Ὀ
195 1314 290 1382 πτανὸς
305 1312 349 1371 τὸν
365 1312 462 1372 πτανὸν
473 1312 507 1370 ἴδ’
523 1315 558 1378 ὡς
574 1312 666 1389 οἷγννοι
679 1311 814 1389 κεραυνὸν,

186 1404 284 1471 δεικνὺς
298 1406 462 1481 ὡςκρεῖσοον
477 1407 528 1482 πῦρ
541 1401 622 1480 πυρός
639 1403 718 1474 ίοτιν,
733 1396 828 1480 Ἕριος.

450 1547 512 1596 usi.
532 1547 628 1596 ΔΔΔΟ.

146 1670 245 1747 Πτανῷ
261 1667 358 1725 πτανὸν
370 1662 480 1742 Ἔρωτα
495 1663 533 1730 τίς
548 1663 634 1722 ἀντίον
649 1663 742 1723 ἔπλαα’
753 1663 869 1743 Ἔρωτι;

186 1755 214 1813 Ἀ
229 1754 360 1830 Νέμεσις,
376 1753 442 1835 τόξῳ
456 1751 529 1820 τόξον
545 1752 711 1831 ἀμυνομένα,

189 1931 311 2012 δακρύει,
328 1933 428 2012 πικρῶν
442 1931 602 2009 γευσάμενος
615 1931 730 2010 βελέων,

148 2025 173 2088 ἐς
188 2021 215 2080 δὲ
232 2018 313 2099 βαθὸν
330 2020 384 2100 τρὶς
399 2018 495 2079 κόλπον
511 2019 671 2080 ἀπέπτυσαν.
684 2009 714 2079 Ἀ
731 2021 800 2099 μίγα
816 2024 919 2099 deripe!
977 2025 1760 2092 etinproluadumsiuumterdespuit.Prohingeusmiraeuiumi

188 2111 274 2191 ρλέξει
287 2132 325 2177 τις
340 2109 403 2189 πυρὶ
418 2114 486 2188 πῦρ·
498 2108 579 2200 ἤρατ’
593 2105 712 2188 Ἔρωτος
726 2107 824 2191 Ἕριος.

452 2250 516 2302 252.
534 2254 630 2299 ΑΛΛΟ.

151 2380 234 2458 Κάγὼ
250 2370 477 2460 Κύπριδος-αἷμα·
490 2379 641 2459 κασιγνήτῳ
654 2379 682 2436 δέ
696 2403 729 2456 με
745 2381 833 2461 μήτηρ

188 2470 265 2541 iprae
277 2469 338 2534 τόξα
353 2467 439 2548 φέρειν
456 2466 532 2527 ἀντία
548 2468 592 2526 καὶ
608 2468 746 2548 πτέρυγας.

431 2613 494 2664 253.
514 2614 653 2664 daneon.

454 2742 495 2797 Ei:
511 2739 626 2804 Ἄρτεμιν.
655 2733 662 2746 '

1251 537 1304 584 249.
1330 542 1468 585 lucenti.

972 679 1080 729 cerneus
1092 675 1187 740 signum
1199 672 1327 739 pulchrum
1342 670 1402 732 lroc,
1416 672 1552 733 Venerem,

1002 763 1119 825 olromo,
1130 762 1249 828 propitia,
1261 761 1372 812 assidens
1382 765 1470 823 proper

972 852 1138 905 laudeauiem
1152 851 1279 914 Glyceram
1292 849 1415 911 Dionysii,
1428 862 1485 912 quae
1496 862 1537 898 me
1546 847 1624 900 erexit
1701 895 1707 906 ,
1725 879 1728 886 1

1005 940 1122 1007 purpurei
1131 937 1231 991 mollem
1241 939 1344 989 iluotum
1350 939 1422 1001 iuxta
1431 932 1529 987 littoris.

1261 1084 1316 1131 2³0.
1340 1089 1475 1131 lucenti.

1289 1206 1315 1250 in
1328 1209 1443 1253 Amorem.

974 1325 1079 1375 volucer
1095 1324 1192 1374 volucre
1204 1322 1260 1372 vido
1277 1324 1305 1371 ut
1315 1321 1405 1386 trangit
1414 1319 1517 1380 numen,

1005 1411 1137 1463 ostendens
1146 1414 1240 1476 querito
1254 1409 1376 1475 potentior
1385 1409 1447 1474 ignis
1456 1409 1512 1474 lgna
1520 1409 1560 1471 sit,
1574 1411 1656 1459 emor.

1277 1541 1331 1589 251.
1355 1549 1465 1590 ALlUD·

976 1670 1077 1723 Volucri
1089 1671 1216 1728 ¹volucrem
1230 1675 1344 1720 Amorem
1354 1668 1410 1732 quis
1422 1668 1554 1719 adversum
1564 1668 1636 1718 linxit
1644 1668 1746 1719 amorii

1593 1756 1762 1821 lpertmdtus,

146 1844 180 1910 ὥς
195 1867 224 1902 κε
240 1843 310 1921 πάθῃ
325 1843 358 1900 τό
373 1845 397 1920 γ’
409 1841 506 1922 ἔρεξεν·
517 1845 531 1900 ὁ
543 1842 569 1902 δὲ
582 1847 693 1922 θρασὺς,
704 1846 718 1900 ὁ
732 1842 793 1922 πρὶν
804 1841 930 1923 sinopide,
978 1849 1006 1896 ut
1015 1847 1140 1910 peteretur
1149 1858 1205 1908 quae
1216 1844 1268 1910 ipsc
1281 1844 1406 1903 iecit31iie
1421 1844 1503 1894 audax
1513 1857 1584 1905 vero,
1596 1843 1760 1894 ilieolimirn·

1008 1758 1131 1820 Nemesis,
1144 1772 1229 1809 arcum
1242 1771 1301 1808 arou
1313 1758 1447 1820 ulciscens,

1009 1939 1158 2002 lacrimatur,
1171 1951 1254 1988 amara
1265 1937 1518 2002 postquam-gustavit
1529 1936 1589 1997 teia,

1008 2116 1064 2164 uret
1076 2112 1133 2176 quia
1144 2112 1200 2176 igne
1211 2112 1292 2176 iguem
1309 2131 1314 2160 :
1327 2112 1445 2176 corripuit
1457 2117 1572 2163 Amorem
1582 2117 1664 2163 amor.

1278 2264 1332 2306 252.
1356 2267 1461 2308 ALlUD.

979 2392 1009 2440 ut
1020 2402 1065 2452 ego
1080 2387 1192 2452 cypridis
1205 2386 1316 2452 sanguim
1337 2385 1406 2437 fratri
1417 2389 1499 2436 autem
1510 2400 1550 2436 me
1562 2390 1640 2437 mater

1009 2478 1106 2527 hortata
1117 2479 1155 2527 est
1167 2490 1253 2526 arcum
1267 2476 1330 2528 ierrs
1342 2473 1475 2525 adversum
1487 2477 1513 2525 et
1525 2475 1712 2539 sagittaeulatas

1260 2622 1314 2671 25³.
1340 2626 1479 2670 incultus.

1303 2746 1330 2790 ln
1340 2744 1440 2791 Dianam.

152 2888 179 2922 α.
194 2862 320 2941 Ἄρτεμι,
333 2864 384 2919 ποῦ
398 2885 438 2919 eor
450 2859 529 2933 τόξα,
544 2862 711 2942 παρονχενίη
727 2887 755 2922 τε
769 2862 901 2945 ρορίτρη;
980 2890 1005 2927 α.
1021 2877 1113 2934 Diana,
1128 2879 1172 2928 ubi
1185 2877 1228 2928 tibi
1243 2872 1324 2939 aroris,
1338 2873 1495 2941 pendensque
1509 2892 1522 2929 e
1535 2878 1598 2928 rollo
1609 2879 1739 2942 pirarctre?

191 2957 242 3010 ποῦ
257 2953 284 3009 δὲ
300 2951 470 3009 Λυκαστείων
484 2949 602 3027 ἐνδρομίς
617 2949 779 3028 οἷρόυλίόιον,

151 3041 240 3121 πόρπη
253 3065 282 3099 τε
296 3048 404 3119 χρυσοῖο
415 3039 578 3115 τεταγμένη,
593 3040 640 3110 ἠδὲ
658 3041 722 3120 πρὸς
738 3041 822 3120 ἄκρην

192 3131 281 3206 ἰγνύην
294 3129 375 3206 φοῖνιξ
387 3130 486 3193 πέπλος
498 3127 678 3202 ἑλισσόμενος;

153 3222 179 3293 β.
196 3216 279 3275 iteam
295 3216 342 3291 μὲν
357 3221 392 3282 είς
407 3216 490 3294 ἄγρην
507 3215 659 3291 ὁπλίζομοιι·
671 3220 695 3284 ἐς
710 3218 736 3277 δὲ
753 3221 848 3290 θνηλὸς

193 3296 247 3382 εἶμ’
260 3303 358 3376 οὕτως,
373 3307 435 3383 ἱρῶν
449 3303 579 3379 ἀντομένη
596 3298 685 3364 θυίων.

430 3440 492 3490 25⁴.
513 3442 653 3491 ΑΔΗΛΟΝ.
709 3512 713 3522 Ι

471 3563 510 3616 Εἰς
522 3561 618 3624 Ἑρμῆν.

155 3684 236 3765 Ἱερὸν
248 3683 361 3765 Ἑρμείῃ
378 3706 411 3760 με
426 3684 649 3764 παραστείχοντες
661 3685 755 3765 ἔχευαν

194 3777 325 3853 ἄνθρωποι
339 3775 433 3833 λίθινον
447 3774 544 3853 σωρόν·
556 3779 569 3832 ὁ
582 3776 605 3833 δ’
616 3777 673 3833 ἀντ’
686 3777 776 3853 όλίγης

455 3952 513 4009 2⁴9·
533 3959 644 3994 νινοιιιτι.

156 4047 257 4112 Adspice
272 4046 380 4095 formose
393 4046 547 4096 simulacrum
559 4046 686 4113 Cypridis,
698 4046 784 4114 hospes
796 4066 802 4099 ι

190 4137 292 4194 l’roptcr
303 4130 349 4179 rite
360 4130 445 4178 sedens
456 4130 602 4180 advenerare
613 4130 693 4181 deam.

156 4224 186 4268 Et
197 4219 316 4282 Glpccren
330 4213 438 4263 laudabis
450 4215 525 4278 (uruat
536 4213 664 4281 Dionysius
678 4215 766 4280 illam),

189 4303 249 4364 Quae
263 4297 335 4346 maris
347 4298 372 4345 iu
387 4296 455 4346 molli
467 4296 550 4347 littore
564 4312 603 4346 me
616 4297 705 4364 poeula

458 4398 518 4448 ubo.
530 4414 645 4459 rneenur,

466 4479 496 4530 rie
511 4480 636 4550 Cupidine.

157 4569 259 4618 Viderat
269 4565 383 4629 aligerum
395 4565 486 4615 fulmen
497 4583 556 4633 puer
567 4568 616 4615 ales
628 4575 654 4616 et
666 4567 726 4633 ipse,

191 4653 222 4700 ut
233 4648 319 4711 scidit,
331 4649 385 4715 igne
397 4650 446 4715 poli
456 4648 544 4699 fortior
556 4648 632 4712 ignis,
646 4655 730 4700 Amor.

442 4749 499 4798 251.
515 4752 553 4797 De
565 4747 657 4799 eodem.

160 4854 195 4900 Eu
207 4856 284 4898 Amor
296 4865 309 4898 a
323 4850 419 4899 Nemesi
431 4849 566 4900 contrarius
578 4848 627 4899 exit
635 4848 731 4905 Amori,

194 4934 250 4982 Ales
259 4939 285 4983 et
298 4931 337 4981 hic
349 4948 355 4983 :
366 4949 435 4982 arem
446 4933 549 4982 arcubus
564 4934 613 4982 uita
625 4933 670 4982 dea
682 4943 727 4983 est.

161 5017 232 5080 Quod
244 5016 308 5071 lecit,
321 5015 368 5066 lert
379 5016 443 5081 ipse,
454 5015 523 5064 ferox
532 5031 592 5080 puer
604 5025 676 5080 atque
685 5016 803 5082 superbus

196 5099 240 5148 illc
252 5099 307 5159 diu,
319 5098 393 5150 telum
403 5099 476 5148 sensit
486 5107 510 5146 ct
523 5095 653 5148 illacrimat
666 5111 674 5149 :

163 5188 238 5246 lnqne
250 5180 328 5231 sinum
340 5181 437 5232 sibimet
449 5191 487 5231 ier
499 5173 602 5249 despuit.
615 5184 638 5232 u
649 5197 712 5231 nora
726 5191 846 5244 monstra,

199 5270 253 5317 Urit
266 5268 329 5333 quod
343 5267 462 5317 dommum
474 5266 579 5330 flamma,
589 5265 682 5333 Cupido
693 5266 773 5332 cupiti

1011 2965 1053 3015 ubi
1066 2979 1124 3015 vero
1139 2969 1310 3030 bysanteorum
1322 2966 1399 3029 caliga
1410 2980 1544 3031 peronum,

981 3054 1104 3117 fibulaque
1117 3068 1148 3104 ex
1160 3068 1222 3104 auro
1236 3055 1384 3112 fabrefacta,
1398 3059 1423 3105 et
1436 3053 1468 3103 ad
1479 3067 1606 3104 summum

1011 3156 1073 3206 germ
1088 3143 1162 3194 ruirer
1172 3144 1258 3207 pupius
1273 3144 1416 3194 revolutus?

1014 3319 1077 3369 uado
1090 3320 1140 3381 sic,
1153 3320 1185 3369 ob
1199 3334 1282 3370 sacras
1295 3334 1426 3371 occurrens
1437 3320 1539 3371 hostias.

1269 3473 1321 3522 254.
1347 3477 1488 3519 incultui.

1278 3599 1305 3639 tn
1319 3597 1466 3642 Mercurium.

983 3709 1083 3757 Sacrum
1095 3709 1215 3758 Mercurio
1227 3713 1318 3760 memet
1331 3712 1506 3772 praetereuntes
1522 3710 1636 3760 fuderunt

1013 3795 1124 3846 iromiues
1135 3797 1259 3861 lapideum
1269 3810 1398 3855 acernum,
1409 3809 1455 3858 ego
1468 3800 1552 3846 autem
1562 3809 1606 3860 pro
1615 3796 1683 3846 termi
1697 3797 1763 3846 dmm

162 3894 1762 3922 ..Q-„-

1267 3959 1324 4010 252.
1341 3962 1377 4006 De
1389 3955 1479 4007 eodem.

984 4075 1024 4121 Me
1036 4087 1131 4136 quoque
1145 4072 1271 4137 progenuit
1282 4073 1366 4137 Cypris
1376 4069 1554 4138 pulcherrima,
1569 4069 1668 4120 tratrem

1018 4158 1051 4204 Ut
1063 4165 1148 4204 contra
1161 4172 1252 4221 pennas
1267 4155 1342 4204 irater
1354 4164 1377 4203 ct
1387 4170 1454 4204 arura
1469 4154 1554 4203 lerum.

1290 4274 1346 4320 253.
1367 4286 1480 4331 neceam,

1310 4360 1340 4412 de
1353 4361 1444 4412 Diana.

985 4467 1062 4513 Arcus
1075 4464 1116 4514 ubi
1131 4474 1186 4514 tuus
1197 4472 1243 4525 est,
1256 4462 1346 4519 Diana,
1361 4458 1524 4530 pharetraque
1538 4460 1602 4511 collo

1018 4550 1100 4614 Apta?
1109 4549 1228 4612 Lycastere
1239 4562 1304 4596 nunc
1318 4544 1359 4594 ubi
1370 4552 1426 4594 sunt
1436 4542 1523 4595 soleae?

987 4633 1016 4680 iit
1028 4647 1081 4694 quae
1092 4645 1238 4697 purpureum
1250 4628 1339 4696 premit
1351 4645 1422 4678 aurea
1437 4626 1509 4678 lrbula
1526 4638 1628 4685 vestem,

1022 4717 1131 4769 Vestem,
1146 4729 1198 4778 qua
1205 4727 1324 4763 summum
1338 4711 1377 4760 vix
1390 4710 1454 4760 uenit
1465 4726 1540 4778 ιιοιγιιε
1551 4714 1672 4775 genu?-

988 4799 1048 4846 Cum
1062 4812 1144 4854 venor,
1156 4805 1215 4844 iuno
1226 4795 1270 4843 ista
1285 4793 1336 4842 lero
1352 4809 1358 4843 t
1370 4792 1411 4842 sed
1423 4796 1483 4842 turis
1496 4788 1525 4842 ad
1535 4806 1605 4844 aum

1021 4883 1052 4930 Et
1066 4881 1168 4946 pecudes
1182 4894 1252 4929 ceses
1268 4887 1371 4943 votaque
1388 4876 1441 4926 talis
1454 4892 1496 4927 eo.

1283 4990 1340 5046 254.
1354 5004 1468 5046 τιιοειιττ,

1296 5077 1326 5128 de
1338 5078 1467 5128 Mercurio.

992 5185 1064 5229 lione
1077 5195 1115 5228 me
1128 5178 1251 5228 Mercurio
1263 5177 1369 5244 lapidum
1383 5175 1486 5226 sacrarit
1499 5188 1613 5224 acervum

1026 5263 1124 5321 Turba,
1139 5262 1195 5313 tulit
1207 5271 1293 5328 puerer
1307 5275 1379 5327 quern
1394 5260 1433 5310 rie
1447 5274 1455 5312 ι
1469 5274 1555 5327 parvus
1567 5256 1654 5309 honae.

1641 5356 1679 5408 ³⁷.

1681 3146 1764 3195 autem

981 3231 1004 3282 ii.
1020 3232 1064 3282 illa
1079 3231 1179 3294 quidem
1192 3232 1225 3281 od
1237 3232 1391 3282 venationem
1402 3232 1587 3291 induor-arme;
1602 3232 1634 3282 ud
1643 3144 1762 3283 minicia
