3810 5910
221 358 262 419 ra
767 364 1021 428 anunoaoonu
1044 334 1247 431 panarium

479 498 540 549 ³⁷9.
557 501 617 546 ΤΟΥ
635 500 740 550 λΠὈΥ.

1323 517 1377 564 379.
1398 524 1543 571 EIUSDEM.

221 620 295 678 Ιθασὶ
307 624 503 700 παροιμιακῶς·
518 651 529 676 α
545 623 594 680 κάν
613 616 640 690 ὗς
653 625 727 684 δάκοι
747 626 828 705 ἄνδρα
846 626 959 705 πονηρόν
972 646 998 678 ν·
1043 634 1134 685 Dicunt
1146 636 1278 700 proverbio
1292 651 1298 679 =
1314 656 1326 681 a
1341 639 1386 689 Vel
1399 653 1442 690 sus
1455 643 1567 694 mordeat
1577 646 1657 694 cirum
1671 646 1764 696 maium
1781 665 1805 706 »3

259 707 327 766 ἀλλά
341 708 394 767 τύδ’
405 712 452 785 obp
467 709 535 770 ούτω
547 714 615 793 φημὶ
629 720 745 790 προσῆκε
760 715 860 790 λέγειν·

1075 738 1159 774 uerum
1172 726 1220 775 boo
1233 740 1281 776 non
1294 726 1343 788 sio,
1359 727 1413 790 aio,
1425 728 1529 781 decebat
1541 732 1624 796 eloqui
1639 755 1645 783 :

220 783 288 844 ἀλλὰ
303 814 314 837 ⁸
331 786 404 847 δάκοι
419 778 467 847 κᾶν
481 781 511 856 ἐς
523 791 635 865 ἀγαθοὺς
649 793 694 850 καί
709 796 878 873 ἀπράγμονας
888 793 997 874 ἄνδρας,
1043 811 1087 860 sed
1101 833 1112 855 ιι
1130 812 1242 864 ,tiordoat
1256 815 1296 864 vel
1308 828 1352 865 sus
1367 813 1446 867 bonos
1457 821 1483 868 et
1494 817 1716 886 baud-negotiosos
1731 823 1812 884 viros,
1828 816 1832 824 ’

1073 905 1165 954 rnatum
1180 908 1264 957 autem
1276 906 1367 957 timens
1382 907 1506 960 mordebit
1515 923 1547 961 ne
1559 924 1660 975 ceipene
1669 912 1778 976 quidem.
1791 935 1803 956 ν

259 903 269 924 ο
285 875 328 935 τὸν
343 877 370 935 δέ
384 878 465 938 ιιακθν
481 878 571 947 δεδιὼς
586 879 691 954 δήξεται
705 882 763 941 οὐδὲ
778 883 880 962 θροίκων
897 910 920 943 ν.

499 1038 560 1087 380.
579 1040 718 1088 ΑΔΗΔΟΝ.

220 1162 250 1220 Εἰ
264 1159 351 1241 κύκνῳ
365 1159 473 1220 δύναται
486 1163 591 1241 κόρυδος
605 1163 896 1245 παραπλήσιονᾷδειν,

255 1250 373 1328 τολμῷεν
387 1248 411 1307 δ’
425 1249 510 1330 ἐρίσαι
525 1255 629 1317 σκῶπες
642 1250 789 1328 ἀηδονίσιν,

217 1340 237 1394 εἰ
252 1336 345 1406 κόκκυξ
360 1336 474 1414 τέττιγος
488 1339 540 1416 ἐρεῖ
555 1338 726 1417 λιγυροίτερος
738 1329 821 1412 εἶναι,

250 1418 299 1487 ίσα
315 1435 388 1486 ποεῖν
405 1426 450 1485 καί
466 1427 518 1506 ἐγὼ
530 1428 676 1509 Παλλαδίῳ
691 1430 813 1504 δύναμαι.

392 1579 458 1629 881.
488 1566 812 1630 ΟΜΗΡΟΚΕΝΤΡΩΝ.

449 1693 490 1747 εις
505 1691 621 1751 atomo
631 1693 670 1739 ναι
685 1691 760 1754 Ἥρα.

211 1814 288 1890 ’λειτῇ
303 1812 346 1874 lei
360 1811 530 1894 προύχούσῃ,
542 1811 585 1873 tori
600 1815 694 1871 πλατεῖ
709 1812 918 1894 Ἑλλησπόντῳ,

210 1902 336 1985 παρθένος
348 1901 432 1974 αίθοίη
446 1903 575 1981 ὑπερώϊον
588 1900 753 1961 είσαναύθσα

209 1992 303 2072 πύργῳ
318 1990 464 2074 ἐφειστήκει
476 1988 579 2069 γούοισοί
593 2011 620 2048 τε
634 1989 767 2068 μυρομένη
783 2012 823 2048 τε·

210 2081 319 2161 χρύσεον
339 2079 434 2159 λύχνον
450 2080 569 2155 ἔχουσα,
585 2076 648 2157 puio<
663 2077 816 2155 reparabile
831 2076 929 2168 ἐποίει,

168 2197 179 2233 ι,
209 2177 292 2227 κεῖνον
308 2169 413 2244 θῖομίνη
426 2168 470 2224 τὸν
485 2164 639 2243 κθμμορον,
655 2164 679 2222 εί
691 2169 769 2223 ποθεν
784 2166 852 2224 ἔλθοι

194 2259 368 2339 νηχόμενος,
388 2257 433 2314 καί
446 2258 546 2330 λαῖτμα
561 2256 663 2335 τάχισθ’
682 2253 743 2321 albe
755 2254 930 2329 ἐκπεραάσκοι

207 2346 287 2404 νύκτα
302 2345 335 2402 δι’
350 2343 514 2422 ἀμάροσίην,
527 2342 570 2401 ὅτε
585 2347 607 2401 θ’
620 2342 722 2401 εὕδουσι
736 2342 823 2422 βροτοί
838 2344 929 2404 ἀλλον·

208 2433 294 2512 ῥόχθει
307 2432 358 2511 γὰρ
373 2431 439 2508 μέγα
453 2436 526 2507 κῦμα
541 2429 600 2488 ποτὶ
614 2429 684 2508 ξερὸν
701 2429 827 2508 ἠπείροιο.

206 2521 306 2581 Ὀσσαι
320 2521 370 2598 γὰρ
382 2519 471 2586 νύκτες
483 2542 511 2576 τε
522 2518 568 2576 καί
579 2517 677 2597 ήμέραι
690 2518 849 2596 ἐκγεγάασι,

146 2635 189 2676 ,ιο
207 2609 331 2688 παρθένος
343 2605 429 2679 ήίθιύτ
447 2610 471 2664 τ’
488 2605 620 2685 ὀαρίζετον
637 2606 806 2679 ἀλλήλοισιν,

206 2703 241 2764 εἷς
258 2696 332 2768 εὐνήν
346 2700 490 2778 φοιτῶντε,
504 2696 593 2778 φίλους
607 2695 716 2768 λήθοντε
730 2699 842 2775 τοκῆας,

170 2843 172 2849 ,
205 2786 230 2846 oi
245 2785 349 2857 Σηστὸν
364 2783 410 2845 καί
423 2782 533 2845 'atum
548 2783 609 2866 ἕχον
625 2784 670 2843 καί
683 2786 739 2844 δίαν
751 2784 884 2865 Ἀρίσύην.

384 2934 452 2986 88².
475 2924 803 2985 ΟΜΗΡΟΚΕΝῚῬΩΝ.

415 3043 446 3096 ‘0
456 3049 547 3108 ταῦτα
563 3047 648 3107 'broie
664 3045 775 3101 &roone

201 3163 238 3232 Ὧ
254 3171 339 3252 φίλοι,
354 3169 438 3250 ήριυις
452 3171 567 3242 Δαναοί,
582 3170 736 3251 θεράποντες
752 3163 861 3250 Ἄρηος,

201 3258 349 3338 ψεύσομαι,
367 3259 384 3327 ἢ
402 3259 497 3333 ἔτυμον
513 3259 592 3338 ἐρέω;
606 3261 711 3318 κέλεται
727 3258 754 3316 δέ
766 3281 800 3335 με
813 3256 901 3335 θυμός.

201 3347 290 3426 'ii-ppo&
307 3346 348 3403 ἐπ’
363 3349 500 3426 ἐσχατιῆς,
517 3344 556 3402 dtr
573 3345 679 3425 δένδρεα
692 3345 782 3425 μακρδ
796 3343 921 3423 πεφύκει,

199 3435 265 3492 ναίει
283 3433 448 3509 ἐϋπλόκαμος
459 3433 528 3503 δεινὴ
542 3433 598 3501 θεὸς
614 3433 763 3507 αὐδήεσσα,

158 3545 171 3581 o
200 3524 216 3594 ἢ
232 3523 303 3593 θεὸς,
314 3521 345 3593 ἠὲ
361 3522 440 3600 γυνή·
457 3521 496 3579 τοί
511 3521 537 3579 δέ
556 3523 697 3603 φθέγγοντο
712 3525 859 3588 καλεῦντες.

199 3613 232 3670 Εἰ
246 3610 271 3669 δέ
287 3608 462 3689 φθεγξαμένου
474 3633 519 3666 του
535 3609 552 3680 ή
568 3611 728 3680 αὐδήσαντος
744 3608 860 3689 ἀκούσῃ,

200 3689 271 3765 αύτις
286 3698 414 3779 ἀριζήλως
428 3697 554 3776 εἰρημένα
570 3698 747 3774 μυθολογεύει.

199 3785 278 3846 ’llll
291 3785 335 3859 τίη
350 3808 391 3844 τοι
407 3791 490 3844 ταῦτα
506 3786 684 3865 διεξέρχεσθαι
704 3787 820 3860 ίκαστα;

198 3875 244 3946 τήν
260 3877 282 3933 δ’
297 3873 351 3934 οὔτ’
367 3879 479 3955 ἀθρῆσαι
495 3872 589 3950 δύναμ’
603 3875 708 3947 ἀντίον,
721 3873 778 3934 οὔτε
791 3879 893 3945 νοῆσαι.

147 3983 169 4019 ιο
198 3964 326 4025 Ὁπποῐύν
342 3967 367 4022 κ’
383 3963 496 4044 εἴπῃσθα
511 3961 571 4029 tro<
583 4009 590 4039 ,
602 3964 669 4022 τοῖόν
686 3965 711 4021 κ’
725 3961 892 4029 ἐπακούσαις.

492 4250 549 4309 379.
561 4263 676 4294 uueurrr.

195 4391 240 4440 Vel
252 4407 318 4451 mus,
329 4391 412 4455 vulgus
425 4391 467 4449 ait,
482 4389 557 4440 veteri
566 4406 690 4453 sermone,
700 4398 825 4440 nocentem

225 4473 336 4522 Mordeat
347 4488 354 4522 τ
365 4472 390 4522 id
400 4489 482 4522 verum
492 4472 588 4523 sortiter
596 4489 646 4522 esse
654 4488 723 4537 nego.

194 4555 303 4605 Mordeat
315 4553 365 4604 imo
377 4554 452 4605 θοαοε
464 4556 503 4606 rel
517 4571 569 4605 mua
583 4555 670 4622 quibus
683 4555 731 4604 otia
745 4555 811 4604 conii
826 4571 832 4605 :

224 4638 335 4689 Mordeat
347 4639 397 4706 ipse
409 4640 484 4691 maior
494 4657 538 4690 nec
547 4641 636 4700 draco,
647 4642 736 4708 quippe
746 4640 823 4690 timet.

486 4820 544 4869 380.
564 4837 673 4870 rucunrr.

192 4952 285 5000 Noctua
294 4950 313 4999 ai
323 4950 417 5001 studeat
425 4961 521 5008 cantus,
531 4969 591 5018 quos
600 4955 649 5004 edit
660 4955 749 5011 aedon,

222 5031 340 5095 Vincere,
350 5032 369 5081 εἰ
379 5034 448 5098 cygni
457 5044 532 5083 certet
541 5035 625 5085 alauda
635 5037 711 5084 modis
721 5054 728 5097 ;

187 5117 211 5167 Si
221 5117 406 5183 cucuriuasperat
420 5118 543 5167 facundior
557 5135 607 5168 ease
620 5119 719 5180 cicadis,

219 5204 318 5270 Sperem
330 5203 433 5252 Palladio
447 5219 486 5252 me
499 5202 552 5254 iore
562 5214 587 5253 et
602 5204 652 5271 ipre
667 5220 757 5270 parem.

1320 1046 1375 1092 ³80.
1403 1053 1542 1096 lucebat.

1041 1166 1068 1214 Si
1084 1181 1161 1229 cyeno
1172 1171 1254 1232 puteat
1271 1171 1359 1222 alaude
1378 1173 1495 1225 aoredere
1503 1176 1628 1235 canendo,

1073 1255 1229 1321 audeautque
1240 1261 1386 1311 contendero
1403 1262 1514 1314 bubones
1528 1279 1585 1314 eum
1597 1267 1718 1322 lusciniis.

1042 1345 1062 1394 si
1076 1347 1179 1396 cuculus
1191 1347 1277 1398 uicaria
1288 1348 1355 1399 dicet
1368 1351 1479 1414 argutior
1487 1366 1554 1410 csse,

1071 1448 1143 1498 equa
1157 1435 1236 1486 lacere
1246 1440 1272 1485 et
1287 1450 1332 1501 ego
1345 1439 1453 1489 l'ulladio
1466 1455 1576 1504 meeum,

1260 1572 1314 1616 381.
1333 1571 1578 1625 troitattocatto.

1292 1707 1318 1748 tn
1330 1704 1457 1750 beandrum
1468 1710 1491 1751 ει
1500 1709 1569 1753 itero.

1037 1828 1131 1880 littore
1146 1829 1171 1880 in
1184 1831 1345 1894 prominenti,
1357 1833 1429 1896 iuxta
1440 1833 1518 1884 latum
1528 1836 1728 1902 Hellespontum,

1036 1918 1104 1983 virgo
1111 1919 1200 1983 pudica
1205 1920 1595 1989 inauperioremdomuepartem
1604 1941 1661 1991 qum
1669 1928 1819 1982 ascenderat.

1037 2006 1063 2055 in
1073 2007 1136 2058 turri
1146 2007 1227 2060 stabat
1240 2022 1389 2076 gemensque
1399 2011 1588 2079 lacrimansque,

1036 2110 1137 2146 aureum
1154 2096 1269 2160 lychnum
1283 2099 1389 2162 liabens,
1402 2099 1484 2152 lucem
1494 2103 1685 2167 pulcherrimam
1699 2104 1816 2162 iaciebat,

1035 2187 1104 2236 illum
1119 2187 1265 2251 presagiens
1279 2186 1416 2248 infelicem,
1430 2189 1532 2240 sicunde
1543 2190 1638 2241 veniret

1035 2278 1135 2337 natans,
1148 2278 1175 2326 et
1190 2275 1330 2340 uoraginem
1345 2275 1472 2327 celerrime
1491 2278 1550 2329 salis
1561 2279 1685 2341 trajiceret

1035 2367 1133 2414 noctem
1146 2378 1190 2429 per
1202 2365 1326 2427 diuinam,
1336 2365 1435 2429 quaudo
1453 2367 1703 2420 donuiuntmortalee
1712 2369 1753 2420 alii
1766 2408 1771 2419 .

1034 2453 1161 2516 strepebat
1174 2452 1239 2502 onim
1249 2466 1354 2517 magnus
1365 2453 1456 2504 tinctus
1470 2454 1499 2504 ad
1512 2453 1606 2505 aridam
1618 2455 1773 2507 contuentis.

1034 2542 1162 2604 Quotquot
1180 2541 1244 2590 enim
1259 2543 1392 2604 aedesque
1405 2544 1431 2592 et
1445 2541 1498 2592 dies
1514 2542 1681 2606 exorti-aunt,

1033 2628 1103 2693 virgo
1115 2629 1262 2692 juvenisque
1276 2627 1496 2680 confabulabantur
1507 2631 1622 2694 inter-ae,

1032 2716 1065 2767 ad
1077 2717 1170 2768 lectum
1182 2719 1280 2780 euntes,
1291 2731 1351 2768 suos
1364 2717 1427 2769 elam
1442 2722 1568 2782 parantes,

1032 2804 1076 2869 qui
1087 2807 1186 2856 Sestum
1196 2808 1222 2854 et
1231 2803 1346 2868 abydum
1357 2805 1502 2856 babitabant
1512 2808 1540 2858 et
1551 2805 1619 2858 diam
1630 2807 1754 2860 amabam.

1331 2949 1384 2996 ³82.
1407 2959 1514 2999 aliun.

1228 3053 1260 3094 be
1271 3050 1346 3105 coqui
1361 3050 1449 3104 primur
1464 3051 1524 3095 bebo
1538 3051 1615 3096 audiit.

1030 3174 1050 3220 0
1065 3171 1151 3231 amici,
1166 3171 1254 3223 beroea
1263 3172 1355 3233 Danai,
1365 3170 1471 3223 udnietri
1481 3174 1580 3234 llartis,

1029 3259 1142 3320 mentiar,
1153 3274 1185 3310 au
1193 3274 1281 3312 rerum
1290 3259 1387 3311 dicam?
1399 3261 1472 3326 jubet
1484 3266 1567 3313 autem
1577 3276 1617 3314 me
1631 3262 1736 3314 animus.

1029 3349 1087 3414 Agri
1098 3349 1122 3399 in
1137 3352 1344 3414 extrema-parte,
1357 3349 1401 3400 ubi
1412 3349 1515 3401 arbores
1532 3350 1612 3416 longa
1628 3357 1773 3412 creuerunt,

1028 3437 1121 3488 habitat
1137 3436 1501 3501 pulchros-cincinnos-babens
1512 3443 1600 3504 potens
1609 3440 1656 3492 dea
1668 3442 1778 3500 vocalia,

1027 3544 1072 3580 eeu
1083 3522 1130 3579 dea
1139 3533 1174 3578 cal
1188 3543 1230 3579 seu
1240 3529 1330 3580 mulier
1344 3547 1350 3579 :
1368 3529 1404 3580 illi
1414 3534 1497 3580 autem
1510 3529 1674 3594 loquebantur
1683 3534 1808 3581 vocantes.

1027 3620 1053 3669 si
1067 3632 1127 3669 uero
1135 3618 1247 3668 locutum
1260 3618 1367 3681 aliquem
1378 3622 1423 3669 aut
1437 3623 1566 3670 uocantem
1577 3604 1716 3682 audiverit,

1026 3719 1115 3756 rursus
1124 3705 1303 3756 studiosissimo
1313 3704 1381 3755 dicta
1394 3705 1496 3768 profert.

1025 3790 1074 3840 Sed
1086 3789 1148 3854 quid
1156 3789 1262 3854 prodest
1279 3788 1333 3839 bue
1346 3802 1490 3853 peroeneere
1499 3792 1614 3856 ringula?
1705 3791 1807 3857 [p'nrri

1027 3881 1095 3929 Hanc
1106 3891 1167 3929 vero
1180 3891 1261 3942 neque
1277 3876 1361 3928 videre
1374 3891 1474 3942 possum
1494 3879 1636 3942 auruum,
1649 3893 1730 3945 neque
1744 3881 1806 3932 irae·

1024 3968 1210 4030 Qualoeumque
1219 3970 1248 4016 ιιι
1264 3967 1356 4016 dixeris
1365 3967 1482 4029 uerbum,
1498 3968 1547 4020 tale
1556 3968 1681 4022 ετοαθίεε.

1255 4242 1311 4291 tta.
1327 4258 1406 4290 cunno
1425 4258 1576 4300 ιιοκειιισιιε,

1168 4357 1198 4400 de
1210 4352 1237 4399 iis
1250 4351 1333 4419 quibus
1342 4353 1425 4421 primr's
1435 4350 1519 4401 audita
1532 4365 1567 4402 εει
1580 4349 1656 4403 Eeho.

1019 4468 1164 4532 Magnanimi
1174 4485 1285 4535 proceres
1293 4473 1415 4530 Danaum,
1425 4469 1544 4521 Mavortia
1553 4472 1634 4538 corda,

1017 4553 1073 4607 Fert
1084 4550 1191 4614 unimur,
1201 4568 1242 4601 eeu
1256 4569 1311 4602 uera
1322 4553 1406 4603 cadent
1412 4590 1421 4617 ,
1431 4569 1473 4603 seu
1484 4552 1557 4615 falsa,
1567 4553 1658 4621 profari
1670 4572 1676 4606 :

1017 4635 1083 4682 Rure
1096 4633 1141 4683 aab
1154 4644 1275 4698 extremo,
1287 4652 1333 4701 qua
1345 4635 1420 4684 multa
1435 4635 1555 4686 attollitur
1563 4635 1635 4687 arbos

1016 4714 1119 4765 Pulchra
1131 4732 1224 4776 comas,
1235 4717 1327 4768 habitat
1341 4717 1443 4767 meando
1456 4719 1556 4768 numine
1569 4719 1642 4782 Dira,

1015 4799 1120 4861 Dirane,
1131 4817 1162 4849 au
1172 4800 1269 4850 humani
1278 4803 1499 4866 generialclamore
1511 4811 1629 4855 voantur:
1651 4850 1656 4873 ;

1015 4883 1082 4931 lilius
1094 4885 1112 4932 si
1123 4885 1185 4934 forte
1197 4903 1268 4935 sonus
1278 4896 1388 4951 portetur
1398 4887 1428 4936 ad
1442 4903 1527 4949 aureo,

1014 4968 1066 5029 Ipsa
1077 4966 1150 5016 reiert
1163 4984 1231 5016 voces
1245 4969 1374 5033 auditaque
1387 4969 1460 5018 uerba
1474 4970 1578 5036 reponit.

1011 5048 1107 5111 Singula
1116 5050 1174 5114 quid
1188 5052 1284 5115 prodest
1297 5068 1408 5102 sermone
1422 5053 1533 5103 ετολνενσ
1546 5054 1634 5119 longai

1013 5132 1089 5194 ipsam
1103 5147 1151 5180 nou
1166 5132 1240 5182 oculis
1252 5150 1361 5200 possum,
1370 5151 1419 5185 non
1432 5146 1514 5186 mette
1526 5136 1598 5188 meri.
1649 5181 1655 5196 ,

1011 5214 1056 5262 Dic
1065 5217 1232 5282 quodcumque
1243 5219 1302 5268 velia
1316 5235 1322 5268 ι
1334 5221 1473 5270 tantundem
1482 5221 1566 5269 andire
1576 5221 1666 5272 licebit.
