3810 5910
598 427 723 489 aanor
743 429 819 492 xvi.
844 430 1037 488 nernnmx
1059 429 1275 491 rennuunt.
1609 395 1666 454 5³⁷

428 560 446 575 Ν

62 610 66 617 ,
92 568 104 603 ν
168 547 196 609 θν
210 550 319 630 Σμύρνα
335 553 380 611 καὶ
400 556 458 635 δρας
474 558 619 635 Περγάμου
638 559 809 644 κατέστερεν,

168 638 281 719 Δελφοὶ,
298 640 435 720 Κόρινθος,
452 634 544 717 Ἦλις,
559 646 666 724 Ἄργος,
683 647 795 709 Ἄκτιον·

167 730 264 787 λοιπῶν
279 731 302 787 δ’
316 732 414 790 ἀέθλων
430 732 461 802 ἢν
477 735 615 814 ἐρευνήσῃς
630 739 740 817 κράτος,

167 819 210 873 καὶ
225 820 272 891 τὴν
285 818 421 880 Λίθυσσαν
432 821 613 902 ἐξαριθμήσας
630 828 710 889 κόνιν.
749 844 758 853 ·

408 987 452 1036 53.
474 989 611 1036 tanton.

125 1109 213 1185 Λάδας
228 1109 258 1167 τὸ
269 1111 374 1168 στάδιον
387 1111 434 1170 εἴθ’
447 1113 544 1184 ἥλατο,
560 1114 611 1172 εἴτε
624 1115 731 1188 διέπτη,

164 1196 295 1270 δαιμόνιον
310 1196 339 1256 τὸ
350 1201 443 1278 τάχος,
454 1202 510 1258 οὐδὲ
527 1204 625 1280 ρράσαι
641 1202 761 1263 δυνατόν.

402 1361 448 1413 54.
465 1367 561 1411 ΑΔΛΟ.

123 1483 184 1559 (lior
196 1493 238 1564 έης
253 1495 353 1573 ’,νεύγων
367 1495 411 1554 τὸν
422 1496 564 1574 ύπῆνεμον,
580 1496 676 1573 ἔμπνοα
692 1498 784 1580 Λάδα,

161 1584 269 1656 ὦμον,
281 1586 322 1641 ἐπ’
339 1585 474 1664 ἀκροτάτῳ
488 1585 597 1661 νεύματι
614 1586 665 1652 θεὶς
679 1586 779 1666 ὄνυχα,

121 1672 189 1727 τοῖον
202 1670 359 1749 ἐχάλκευσέν
373 1696 403 1730 σε
418 1673 535 1752 Μύρων,
552 1675 593 1733 ἐπὶ
609 1674 687 1732 παντὶ
704 1675 822 1756 χαράξας

162 1758 266 1833 σώματι
285 1760 399 1819 Πισαίου
414 1764 573 1840 προσδοκίην
586 1763 723 1841 στεράνου.

474 1930 507 1983 54
521 1933 543 1980 ”.

122 2059 231 2136 Ηλήρης
246 2062 349 2128 litaldo<
366 2061 451 2134 ἐστὶν,
469 2064 556 2142 άκροις
568 2063 591 2122 δ’
609 2065 651 2122 ἐπὶ
665 2066 779 2144 χείλεσιν
795 2057 885 2143 ἀσθμα

160 2147 280 2226 ἐμφαίνει
294 2148 387 2207 κοίλων
401 2148 501 2209 ἔνδοθεν
517 2154 547 2209 ἐκ
561 2151 689 2227 λαγύνιον.

123 2235 242 2306 Πηδήσει
259 2235 328 2315 τάχα
343 2239 441 2315 χαλκὸς
455 2239 498 2297 ἐπὶ
511 2240 621 2320 στέφος,
637 2243 694 2300 οὐδὲ
709 2241 810 2310 καθέξει

160 2326 176 2382 ἁ
193 2327 276 2400 βάσις.
292 2325 329 2385 Ὠ
344 2328 425 2406 τέχνη
438 2329 587 2402 πνεύματος
601 2331 736 2410 ὧκντέραέ

228 2504 277 2552 55.
300 2497 325 2552 Τ
329 2495 471 2554 mittor
491 2445 785 2560 ΓΡΑΜΜΑἸἸΚΟλ.

117 2665 142 2699 α.
165 2640 264 2713 Elaios,
279 2644 318 2712 τίς
332 2647 357 2704 a’
373 2645 497 2723 ἀνέθηκε,
514 2646 581 2714 τίνος
590 2646 679 2727 χάριν,
696 2645 712 2718 ἢ
728 2648 885 2722 τένι,λέξον.

158 2735 185 2810 β.
197 2731 265 2791 iberi
279 2735 499 2810 παλαισμοσύνης
511 2741 573 2806 θῆκε
592 2735 696 2818 Λύρωνι
711 2739 796 2804 πόλις.

414 2915 458 2964 56.
480 2917 621 2964 ΑΔΗΛΟΝι

117 3051 225 3122 Ταύτην
243 3053 363 3132 Εὐσεύίῳ
377 3054 520 3123 Βυζαντιθις
535 3056 621 3114 εἰκόνα
633 3055 728 3131 Ῥώμη

157 3141 220 3216 πρὸς
236 3142 336 3208 δισσαῖς
349 3145 462 3222 ἑτέραις,
473 3144 569 3205 εἵνεκεν
584 3144 739 3216 ἱπποσύνης.

115 3231 156 3286 Οὐ
168 3229 218 3308 γὰρ
233 3229 247 3286 8
263 3233 287 3307 γ’
305 3233 470 3311 ἀμφήριστον
485 3234 550 3291 ἑλὼν
564 3234 693 3313 ἐστέψατο
707 3234 789 3306 νίκην,

158 3318 226 3375 ἀλλὰ
240 3320 307 3379 πολὺ
320 3326 436 3400 κρατέων
449 3326 528 3381 ποσσὶ
543 3324 588 3381 καὶ
605 3323 711 3402 ἠνορέη.

116 3405 244 3467 Τούνεκεν
258 3408 381 3468 ἀντιθέων
397 3408 451 3488 ἔριν
466 3409 581 3470 ἔσύεσεν·
596 3413 663 3470 ἀλλά
679 3412 723 3468 καὶ
742 3411 823 3482 αὐτὴν

157 3496 240 3569 δῆμον
254 3494 301 3567 rba
314 3498 441 3576 προτέρην
457 3503 540 3557 παῦσε
553 3499 731 3578 διχοστασίην.

150 3731 228 3791 Quem
240 3729 356 3794 Smyrna,
370 3746 471 3793 qrrercus
485 3746 556 3795 quem
570 3741 669 3780 coronat
682 3731 804 3792 Pergami,

149 3810 250 3877 Delphi,
262 3811 406 3875 Corinthus,
418 3815 480 3875 Elia,
493 3818 581 3878 Argos,
593 3815 700 3868 Aetium.

149 3902 172 3950 Si
187 3902 274 3951 deinde
286 3904 376 3968 palmas
389 3903 464 3961 seire,
475 3919 528 3969 quae
543 3912 648 3964 restant,
661 3904 740 3970 cupis.

150 3987 284 4035 Numerare
299 4002 383 4035 arenas
399 3985 483 4035 alrim'e
495 3985 622 4034 desideras.

426 4157 466 4204 53.
482 4171 598 4218 ineram,

438 4301 468 4351 de
480 4320 586 4354 cursore.

118 4450 192 4498 ladas
205 4465 248 4515 per
262 4448 364 4498 stadium
375 4448 510 4503 saltaverit,
525 4465 555 4496 an
570 4447 677 4497 volitarit

152 4535 161 4571 ἵ
162 4536 219 4580 Tam
234 4533 282 4581 cito
296 4531 424 4595 confecit),
439 4532 519 4581 dicere
530 4547 601 4580 nemo
615 4539 692 4597 potest

407 4682 448 4736 55.
470 4685 504 4727 De
518 4677 609 4729 eodem.

119 4823 202 4887 Qualis
216 4840 284 4883 eras,
298 4824 374 4884 Lada,
384 4822 475 4888 fugiens
491 4823 585 4887 vestigia
596 4821 683 4888 Thymi

152 4907 276 4973 Alipedis,
291 4924 413 4973 premeres
426 4906 550 4973 compede
562 4906 637 4956 llabra
650 4914 704 4963 tuo,

120 4992 213 5041 Nobilis
226 4992 255 5039 ad
266 4993 324 5041 Pisre
334 4993 482 5041 contendens
494 4991 603 5058 praemia,
614 4992 686 5041 talem

153 5077 261 5140 Corpore
275 5084 297 5123 te
311 5083 361 5124 toto
374 5074 429 5124 iecit
442 5075 466 5123 in
480 5091 526 5124 rere
540 5078 638 5140 Myron.

121 5238 205 5302 Implet
218 5254 270 5284 enm
288 5253 339 5302 spes
353 5246 442 5302 quanta
454 5236 531 5296 rides,
543 5245 567 5284 et
578 5232 698 5284 anhelitus
707 5247 750 5281 ore

951 585 1025 635 quem
1038 575 1139 635 Smyrna
1153 576 1177 623 et
1193 585 1298 636 quereus
1311 571 1420 636 Pergami
1433 572 1566 633 coronarit,
1617 577 1626 586 ‘

951 659 1050 722 Delphi,
1063 660 1204 720 corinthus,
1221 661 1289 723 Elis,
1305 665 1394 722 areos.
1408 660 1516 719 actium,

951 747 1101 810 reliquorum
1115 762 1172 798 vero
1184 748 1344 799 certaminum
1353 747 1374 797 si
1389 748 1551 812 exquisiveris
1562 748 1626 810 rim,

951 833 1024 884 etiam
1034 834 1150 896 Libycum
1165 837 1320 886 enomeratis
1333 837 1467 899 pulverem.

1249 991 1445 1043 53.tnctu1b

952 1113 1029 1164 Ladas
1040 1114 1146 1164 stadium
1158 1129 1202 1165 seu
1211 1119 1468 1178 cursu-emensus-sit‚
1479 1133 1522 1169 seu
1535 1119 1625 1180 volatu,

981 1204 1046 1254 odeo
1062 1207 1098 1254 est
1113 1207 1252 1267 portentosa
1264 1205 1388 1266 velocitas,
1401 1221 1448 1256 nou
1458 1206 1506 1258 diei
1521 1212 1611 1272 potest.

1257 1354 1422 1402 M.AUUQ

951 1499 1035 1557 eralis
1049 1513 1103 1549 eras
1118 1499 1211 1563 lugiens
1224 1503 1406 1563 rento-parem,
1418 1500 1534 1563 inspirate
1549 1502 1624 1563 Lada,

979 1592 1113 1654 thymum,
1126 1592 1151 1640 in
1165 1594 1276 1642 extremo
1287 1593 1388 1642 articulo
1400 1605 1491 1656 ponens
1504 1605 1609 1655 unguem

949 1679 1023 1728 tatem
1040 1679 1198 1729 aare-effinxit
1209 1684 1234 1730 te
1246 1683 1329 1743 Myro,
1343 1680 1367 1729 in
1378 1683 1431 1730 toto
1441 1681 1579 1743 exprimens

983 1780 1085 1830 corpore
1100 1767 1184 1817 t’isreae
1195 1768 1398 1831 exspectationem
1415 1782 1519 1818 coronae.

1303 1935 1330 1979 st
1346 1932 1367 1976 '.

949 2070 1037 2121 Plenus
1051 2074 1090 2120 eat
1102 2084 1157 2133 ape,
1169 2071 1321 2133 summisque
1332 2070 1358 2120 in
1373 2070 1447 2120 labris
1461 2070 1564 2121 balitum

978 2157 1086 2209 ostendit
1099 2158 1166 2209 caria
1181 2158 1246 2208 intus
1255 2157 1407 2223 profectum
1420 2158 1573 2212 elaterlbus.

947 2247 1051 2298 Exsiliet
1061 2247 1161 2310 jamjam
1171 2260 1206 2296 res
1219 2245 1250 2295 ad
1259 2259 1386 2308 coronam,
1401 2260 1481 2309 neque
1494 2246 1519 2296 id
1531 2247 1645 2297 retinebit

979 2335 1054 2386 basis.
1071 2336 1151 2385 Proh!
1166 2339 1244 2385 artem
1258 2339 1332 2384 rento
1344 2334 1494 2385 celeriorem.

1142 2512 1179 2556 55.
1199 2508 1305 2556 Tnottt
1322 2507 1530 2556 GllAllllllATlCl.

950 2680 976 2714 α.
994 2669 1014 2714 0
1028 2666 1118 2726 statua,
1132 2663 1189 2727 quis
1200 2667 1225 2715 te
1237 2664 1352 2733 erexerit,
1362 2677 1436 2726 quam
1445 2664 1549 2725 obrem,
1558 2668 1602 2715 aut
1611 2666 1653 2717 eui
1664 2666 1732 2721 viros

979 2753 1001 2803 b.
1016 2753 1054 2803 Ob
1069 2751 1298 2817 peritiam-luctandi
1311 2752 1393 2815 posuit
1408 2752 1496 2814 Lyroni
1507 2752 1601 2802 civitas.
1660 2753 1716 2817 [dre

1240 2934 1277 2976 to.
1300 2937 1438 2979 lNClillTl.

948 3078 1016 3125 tiano
1030 3075 1136 3124 Eusebio
1149 3076 1265 3138 Byzantia
1277 3081 1383 3125 statuam
1397 3079 1472 3127 ttoma
1482 3077 1568 3138 posuit

980 3165 1070 3226 praeter
1081 3161 1150 3210 binas
1162 3162 1259 3223 atteras,
1273 3163 1305 3212 ob
1317 3161 1571 3226 equitandi-peritiam.

949 3250 1107 3312 nequeenim
1119 3250 1159 3300 ille
1173 3250 1248 3300 dubia
1261 3254 1445 3300 est-coronatus
1457 3252 1579 3313 reportata
1590 3248 1696 3307 victoria

978 3336 1022 3386 sed
1036 3336 1107 3387 valde
1121 3337 1214 3400 pollens
1225 3337 1329 3400 pedibus
1341 3341 1366 3387 et
1380 3337 1478 3389 virtute.

947 3428 1029 3483 Quare
1043 3424 1202 3474 adversorum
1217 3424 1284 3474 tltem
1296 3425 1413 3474 exstinxit
1426 3446 1432 3475 :
1446 3425 1490 3476 sed
1499 3429 1524 3476 et
1535 3424 1580 3490 ipsi

864 3547 878 3562 2
976 3516 1059 3580 populi
1073 3515 1147 3580 priori
1159 3515 1328 3565 finemattulit
1338 3515 1448 3566 dissidio.

981 3733 1094 3782 Cernitur
1104 3749 1132 3780 ea
1144 3732 1196 3780 imis
1206 3731 1277 3780 ilibus
1287 3732 1406 3782 exoriens.

948 3816 1059 3867 Prosiliet
1073 3830 1127 3865 mox
1141 3833 1171 3865 aes
1184 3817 1214 3865 od
1227 3826 1307 3878 serta,
1320 3832 1364 3865 nec
1376 3816 1425 3881 ipsa
1439 3815 1540 3874 tenebit,

981 3902 1071 3959 Credo,
1084 3901 1160 3963 basis;
1172 3900 1234 3950 citus
1246 3911 1282 3950 est
1293 3901 1403 3966 spiritus,
1418 3917 1457 3949 ars
1469 3899 1549 3949 citior.

1175 4066 1215 4112 35.
1235 4080 1322 4111 raoni
1340 4078 1510 4110 nnauuarrcr.

947 4225 992 4274 Die
1003 4224 1061 4274 mihi
1073 4225 1125 4291 quis
1140 4225 1232 4291 posuit,
1245 4226 1283 4274 eui
1296 4235 1333 4286 te,
1347 4234 1503 4291 quopropter,
1516 4223 1609 4285 inrogo?

979 4313 1032 4359 Hoc
1044 4310 1146 4360 luctator
1158 4308 1230 4358 babet
1242 4326 1326 4359 munus
1339 4309 1369 4357 ab
1383 4309 1443 4357 urbe
1456 4313 1544 4372 Lyron.
1594 4370 1595 4374 Ἰ

1254 4470 1293 4517 56.
1315 4485 1424 4515 tucrum.

948 4636 1047 4687 Addidit
1058 4634 1120 4683 hane
1134 4634 1186 4682 aliis
1199 4634 1311 4699 Byzantia
1325 4619 1400 4681 lloma
1416 4629 1519 4686 duabus,

980 4722 1013 4769 Ut
1026 4725 1122 4783 partum
1135 4715 1239 4765 Eusebio
1251 4725 1344 4765 constet
1356 4725 1466 4779 equestre
1477 4714 1559 4764 decus.

947 4805 1002 4853 Non
1012 4801 1052 4850 ille
1064 4800 1196 4849 abstulerat
1210 4799 1306 4847 dubiam
1320 4797 1365 4846 snb
1380 4797 1422 4847 lite
1433 4813 1559 4854 eoronam,

980 4889 1037 4935 Tam
1050 4884 1159 4933 manibus
1173 4883 1264 4949 potior,
1278 4899 1349 4948 quam
1363 4887 1509 4950 properante
1522 4883 1593 4949 pede.

947 4969 1039 5019 Rmula
1051 4985 1095 5017 nee
1108 4978 1200 5017 tantum
1214 4974 1307 5016 cessant
1318 4966 1462 5022 certamina,
1475 4965 1515 5013 aed
1527 4963 1597 5029 plebs

981 5055 1034 5119 lpaa
1046 5053 1134 5110 etiam,
1146 5051 1236 5100 discors
1251 5065 1303 5115 qne
1318 5047 1363 5096 luit
1374 5058 1443 5105 ante,
1456 5047 1520 5096 silet.
