3810 5910
149 327 207 387 588

450 473 512 526 293.
531 475 627 526 tuno.

950 489 955 557 Ι

715 320 969 381 ANTHOLOGIAE
993 318 1193 378 PALATINAE

1269 471 1325 518 293.
1346 476 1449 518 altitu.

152 605 199 669 Τίς
213 605 270 662 ποθ’
283 608 296 662 ὁ
311 601 355 659 τὸν
370 605 394 662 Τ
397 600 467 679 ροίης
480 602 594 678 πόλεμον
609 602 739 662 σελέθεσοι
753 601 887 684 χαράξας,
951 568 953 578 Ι
972 611 1062 675 qunis
1069 625 1127 677 ergo
1137 614 1174 662 ort
1184 611 1226 675 qui
1236 609 1315 674 troja
1321 610 1413 663 bellum
1423 609 1557 678 iu-paginis
1569 608 1729 675 descripsit,

190 693 207 762 ἢ
221 690 259 757 τίς
273 694 287 748 ὁ
303 689 350 762 τὴν
365 688 471 767 δολιχὴν
486 691 638 768 Λαρτιάθαο
651 688 769 764 πλάνην,

151 783 199 840 otia
211 780 282 857 ὄνομ’
294 777 404 857 alpinam
418 777 512 858 eapte,
525 779 554 836 οὐ
565 778 651 839 πολιν.
666 778 781 856 Ούρᾶνιι
795 780 862 854 zm,

192 868 229 945 pti
244 890 307 926 ποτα
320 869 371 925 σῶν
387 865 470 924 ἐπέων
484 864 558 933 δόξαν
570 863 693 945 Ὅμηρος
709 867 780 945 ἔχει;

422 999 423 1002 ’
450 1007 512 1058 aaa.
533 1011 628 1056 anno.

153 1141 235 1208 Ποίας
247 1141 325 1201 αἰστθν
338 1137 462 1220 Ὅμηρον
479 1139 690 1220 ἀναγραψώμεθα
703 1140 819 1220 πέτρης,

192 1238 286 1302 κεῖνον,
299 1229 338 1309 ἐφ’
347 1229 375 1288 ὃν
387 1239 472 1288 πᾶσαι
483 1232 550 1311 χεῖρ’
561 1232 680 1309 ὀρέγουσι
693 1231 797 1303 πολαις;

153 1321 170 1388 ἢ
181 1317 211 1375 τὸ
223 1317 269 1393 μέν
277 1320 352 1376 ἐστιν
364 1316 513 1393 ἄγνωστον,
527 1323 541 1376 θ
553 1318 575 1374 δ’
590 1316 725 1384 ἀθανάτοις
737 1317 791 1384 ἴσος
801 1316 870 1396 ἥρως

192 1414 249 1471 ταῖς
261 1405 381 1472 Μούσαις
396 1402 484 1463 ἔλιπεν
496 1405 611 1463 πατσίθα
626 1404 671 1464 καὶ
685 1406 790 1482 γενεήν,

454 1547 516 1599 295.
535 1551 631 1598 ΑΛΛΟ.

153 1673 225 1754 Οὐχὶ
239 1673 316 1732 πέδον
333 1673 455 1753 Σμύρνης
471 1674 629 1752 ἐλοχεύσατο
644 1674 709 1733 θεῖον
724 1670 863 1754 Ὅμηρον,

194 1764 223 1820 ού
237 1759 364 1840 Κολορὼν
374 1765 506 1841 ’τρορερῆς
520 1760 613 1840 ἄστρον
630 1759 756 1835 Ἰηονέης,

154 1853 182 1909 ού
194 1849 272 1922 Κίος,
285 1851 331 1906 οὐκ
344 1846 474 1922 Αἴγυπτος
486 1847 626 1925 ἐύσπορος,
637 1852 666 1908 ού
683 1848 787 1929 Κύπρος
801 1847 883 1926 ἁγνὴ,

195 1938 223 1994 οὗ
235 1939 311 2006 νῆσος
325 1933 427 2012 κραναὴ
441 1935 593 2013 Λαρτιάδαο
607 1933 708 2014 πάτρη,

152 2026 199 2083 οὐκ
209 2021 300 2103 Ἄργος
312 2026 440 2096 Δαναοῖο,
452 2023 603 2094 κοιιλωπαίη
615 2046 644 2081 τα
659 2023 790 2095 Μυκήνη,

193 2113 251 2171 οὐδὲ
265 2112 295 2170 ri
308 2112 479 2190 Κεκροπιδῶν
491 2111 556 2169 ἄστυ
571 2111 762 2189 παλαιογύνων.

154 2202 194 2261 Oti
208 2202 260 2279 γὰρ
274 2199 322 2280 ipo
334 2198 425 2279 χθονὸς
439 2197 525 2275 ἔργον·
540 2198 587 2255 ἀπ’
604 2199 703 2279 αἰθέρος
716 2198 783 2256 ἀλλά
798 2201 810 2256 ἓ
824 2200 928 2257 Μοῦσαι

194 2288 317 2368 πέμψαν,
334 2287 367 2345 ἵν’
381 2287 496 2367 ἡμερίοις
512 2286 582 2367 δῶρα
596 2288 696 2358 ποθητθι
711 2288 795 2366 φέροι.

364 2437 432 2488 296.
457 2428 712 2486 ΑΝΤΙΠΑΤΡΟΥ.

154 2553 188 2612 Οἱ
203 2549 251 2627 μέν
264 2573 309 2608 σευ
322 2552 467 2630 Κολορῶνα
477 2549 671 2626 τιθηνήτειραν,
681 2545 806 2628 Ὅμηρε,

192 2640 216 2696 οἱ
230 2635 258 2696 δέ
273 2636 355 2695 καλθν
369 2636 507 2714 Σμύρναν,
520 2639 543 2692 οἱ
556 2637 578 2694 δ’
592 2637 712 2696 ἐνέπουσι
724 2636 808 2708 Κίον,

153 2727 177 2785 οἱ
191 2727 215 2784 θ’
226 2722 295 2798 Ἴον,
308 2728 331 2784 οἱ
345 2727 368 2782 δ’
382 2725 495 2783 ἐύόασαν
509 2718 633 2804 ἐύκλαρον
653 2727 811 2801 Σαλαμῖνα,

193 2818 216 2874 οἱ
232 2817 261 2875 δέ
274 2839 303 2873 νυ
317 2819 369 2872 τῶν
383 2814 522 2873 Λαπιθέων
538 2814 639 2890 ματέρα
653 2815 821 2885 Θεσσαλίην·

153 2903 227 2963 ἄλλοι
243 2904 267 2962 θ’
282 2903 364 2973 ἄλλην
376 2909 457 2980 μαῖαν
470 2901 588 2983 ἀνίαχον.
605 2904 636 2964 Ei
648 2904 675 2962 δέ
687 2926 720 2979 με
731 2902 831 2961 tutior

192 2992 244 3075 χρὴ
258 2991 331 3060 λέξαι
346 2999 454 3058 πινυτύς
469 2991 578 3070 ἀμφαδὰ
595 2991 771 3066 μαντοσύνας,

152 3079 240 3160 πέτρα
255 3103 295 3140 σοι
307 3079 404 3140 τελέθει
418 3079 500 3157 μέγας
511 3080 629 3158 οὐρανὸς,
643 3081 672 3136 ἕνα
686 3079 712 3136 δὲ
728 3078 851 3150 τεκούσης

193 3173 222 3228 ού
237 3174 347 3242 θνατᾶς,
367 3167 465 3247 ματρθς
479 3170 502 3227 δ’
516 3168 594 3227 ἔπλεο
609 3158 771 3234 Καλλιόπας.

426 3313 489 3364 297.
508 3315 647 3389 ΔΚΗΔΟΝ.

153 3437 239 3498 'Emi
253 3437 429 3517 ἐριδμαένοοσι
441 3437 528 3503 πόλεις
543 3436 587 3496 διὰ
599 3440 670 3518 ῥίζαν
685 3435 821 3515 Ὀμήρου,
833 3439 930 3515 [θῆναι.

154 3525 233 3600 Κύμη
245 3569 253 3597 ,
265 3525 390 3603 Σμύρνα,
406 3523 483 3594 Κίος,
500 3524 643 3604 Κολοφὼν,
660 3525 763 3596 Πύλος,
774 3522 875 3604 Ἄργος,
891 3523 932 3582 ’λ-

431 3698 486 3758 ²93·
508 3698 543 3742 De
557 3693 647 3743 eodem.

153 3795 195 3843 llle
207 3795 273 3860 quis,
284 3794 368 3845 Iliacas
382 3794 475 3860 scripsit
490 3795 532 3860 qui
543 3794 648 3844 carmine
659 3811 763 3862 pugnas,

184 3879 234 3925 Aut
253 3875 330 3927 lthaoi
347 3880 443 3941 longum
455 3877 496 3942 qui
511 3876 643 3926 celebravit
660 3878 729 3927 iteri

152 3957 205 4008 Non
220 3974 307 4008 nomen
321 3969 422 4020 certum,
435 3975 484 4031 non
500 3959 578 4025 patria
589 3967 664 4010 certa.
679 3964 798 4019 Tuumne,

183 4042 288 4108 Jupiter,
301 4052 348 4101 est,
358 4041 444 4091 lamam
456 4042 522 4107 eujus
534 4045 652 4092 Homerus
663 4041 753 4093 habet?

433 4164 491 4219 αμα.
511 4160 547 4205 De
561 4155 650 4205 eodem.

153 4254 226 4319 Cujus
235 4271 278 4303 nos
291 4255 374 4320 patriar
387 4256 462 4306 civem
476 4256 581 4305 dicemus
597 4260 738 4318 Homerum,

186 4337 299 4402 lnjioiunt
310 4338 380 4386 urbes
392 4337 431 4386 oui
444 4347 480 4387 tot
494 4337 582 4402 ubique
598 4343 715 4389 manum?

152 4425 191 4470 An
201 4419 260 4468 latet
268 4417 329 4479 hoo,
340 4421 380 4469 sed
394 4437 438 4486 par
450 4420 510 4469 divis
520 4421 656 4470 coelestibns
666 4420 737 4470 heroe

185 4499 282 4565 Legavit
291 4500 362 4551 llusis
372 4511 396 4551 et
410 4518 483 4566 penus
493 4511 517 4552 et
526 4501 643 4567 patriam?

432 4614 491 4677 295.
513 4616 549 4662 De
562 4612 652 4663 eodem.

153 4714 208 4761 Nou
223 4711 420 4782 genuitSmyrnoe
435 4715 648 4782 diuinumeampns
661 4718 807 4775 Homerum,

186 4796 241 4844 Non
253 4795 379 4862 Colophon
393 4796 460 4847 molli
472 4796 537 4847 aidus
546 4797 570 4846 in
587 4797 666 4858 lonia;

155 4875 206 4925 Non
217 4880 325 4942 Cyprus,
335 4894 384 4927 non
399 4879 500 4944 pulchra
514 4878 605 4940 Chios,
620 4896 669 4928 non
683 4895 738 4927 arra
754 4877 861 4944 Canopi,

185 4957 238 5008 Non
253 4960 383 5012 Laertiades
394 4962 471 5027 patria
484 4963 542 5012 dura
555 4962 615 5024 leri;

151 5042 204 5093 tlon
216 5048 292 5108 Argos
303 5044 397 5106 Danai,
412 5044 583 5111 Cyelopnaeque
596 5051 720 5111 Mycenae,

185 5128 278 5194 inclyta
291 5145 335 5178 neo
354 5138 460 5178 veterum
472 5131 558 5180 moenia
573 5130 741 5195 Cecropidum.

951 4645 956 4767 Ι

1002 702 1048 751 aut
1059 699 1115 764 quis
1125 703 1161 751 ert
1170 699 1213 764 qui
1222 701 1319 764 longum
1328 697 1614 751 hermamonem?
1690 695 1774 761 [piton

972 801 1021 838 non
1032 801 1120 838 nomen
1133 788 1229 839 invenio
1240 791 1351 848 oortum,
1367 802 1415 838 non
1429 788 1525 840 urbem.
1540 792 1565 838 0
1585 785 1712 840 cantastis
1729 786 1776 834 Ju-

1003 889 1085 927 nonne
1096 879 1195 927 tuorum
1210 889 1327 927 versuum
1339 877 1441 941 gloriam
1453 878 1584 928 numerus
1599 874 1705 927 habet?

1271 1017 1325 1066 294.
1348 1024 1452 1066 ιιιιιο.

974 1151 1058 1210 Qualis
1070 1152 1149 1203 nivem
1162 1154 1296 1202 llomorrun
1308 1151 1444 1202 scribamus
1452 1151 1551 1216 patiae,

1004 1239 1074 1290 illurn
1088 1239 1120 1290 ad
1131 1252 1207 1304 quem
1218 1252 1302 1290 omnes
1313 1252 1414 1301 monum
1425 1238 1530 1290 tendunt
1542 1225 1650 1290 urbes?

974 1341 1005 1376 an
1018 1331 1066 1378 noo
1077 1327 1176 1390 quidem
1188 1331 1227 1379 ost
1239 1327 1362 1392 ignotum,
1375 1326 1420 1378 sod
1429 1327 1621 1378 immortalibus
1637 1340 1690 1391 par
1700 1325 1777 1378 Ιιστοα

1005 1416 1082 1466 illusis
1095 1416 1307 1480 retiquttpatrtam
1316 1418 1342 1466 et
1350 1419 1441 1479 genus?

1274 1574 1328 1617 295.
1351 1571 1457 1615 aurun.

974 1693 1027 1740 lion
1041 1697 1256 1754 oampussrnyrnae
1270 1691 1355 1755 genuit
1368 1690 1477 1740 divinum
1490 1692 1659 1763 Homerum,

1005 1791 1053 1827 non
1067 1777 1190 1841 Colophon
1204 1778 1283 1829 mollis
1293 1778 1361 1829 sidua
1374 1778 1462 1839 loniae,

976 1878 1023 1914 non
1034 1866 1122 1927 Chios,
1135 1880 1183 1915 non
1199 1868 1316 1930 AEgyptus
1325 1866 1425 1926 senilia,
1437 1879 1484 1915 non
1494 1867 1596 1930 Cyprus
1607 1870 1705 1918 sanata

1006 1968 1055 2004 non
1067 1953 1147 2005 insula
1157 1957 1281 2018 praerupta
1293 1953 1429 2004 ammiano
1441 1954 1534 2018 patria,

975 2055 1024 2090 non
1038 2046 1116 2105 Argos
1129 2041 1219 2102 Danai,
1230 2042 1399 2105 Cyclopeaque
1414 2045 1528 2106 Mycena,

1006 2143 1085 2193 neque
1099 2130 1288 2194 Cecropidarum
1302 2131 1361 2181 urbs
1372 2131 1539 2194 antiquorum,

974 2217 1154 2268 Nononimsuit
1164 2221 1307 2290 terrraopus
1322 2219 1525 2270 :nantheresetl
1534 2233 1597 2271 enm
1606 2222 1694 2272 Μυσοὶ

1006 2307 1137 2363 miserunt.
1148 2311 1177 2356 ut
1189 2306 1476 2359 nominibus-breviana
1486 2307 1550 2358 dona
1565 2313 1655 2359 amata
1670 2310 1761 2360 terret„

1238 2435 1293 2480 296.
1311 2433 1487 2482 ANTll‘ATlll.

919 2621 925 2633 ‚
977 2563 1023 2613 ilii
1033 2563 1132 2628 quidem
1147 2564 1291 2628 Colophona
1304 2568 1373 2616 tuam
1388 2568 1524 2629 nutricem,
1539 2583 1555 2618 o
1568 2571 1704 2633 Homero,

1006 2654 1049 2704 alii
1061 2653 1189 2718 pulchrum
1205 2657 1346 2718 smyrnam,
1357 2655 1447 2720 aliique
1456 2655 1557 2706 ediount
1569 2658 1686 2721 Clrium,

975 2743 1093 2804 aliilum,
1104 2741 1199 2793 trivero
1211 2744 1349 2794 clamamnt
1362 2744 1457 2794 felicem
1466 2745 1606 2806 δαΙιιιιιίιια,

1006 2831 1047 2881 alii
1059 2844 1146 2882 rursus
1161 2831 1319 2896 Lapitharum
1333 2835 1438 2884 matrum
1449 2832 1619 2893 Thessaliam

975 2918 1015 2968 alii
1025 2921 1108 2970 autam
1120 2919 1193 2968 aliam
1207 2919 1317 2969 altricem
1333 2921 1497 2971 elamitarum.
1507 2920 1533 2970 si
1549 2934 1611 2970 vero
1623 2935 1666 2972 me
1681 2923 1771 2973 Platani

1007 3010 1104 3072 oportet
1114 3007 1196 3057 dicere
1210 3008 1339 3071 prudentia
1351 3011 1436 3072 aperte
1449 3008 1576 3070 vaticinia,

975 3097 1055 3161 patria
1068 3096 1114 3148 tibi
1127 3099 1166 3147 est
1178 3110 1293 3160 magnum
1305 3098 1411 3158 colum,
1428 3101 1454 3148 et
1467 3111 1498 3148 ox
1512 3099 1633 3162 genitrice

1007 3198 1054 3235 non
1068 3185 1177 3243 mortali.
1192 3185 1237 3236 aad
1247 3188 1326 3235 matra
1340 3190 1454 3236 natus-es
1468 3185 1576 3249 Calliope

1255 3320 1309 3368 297.
1331 3327 1470 3369 incenit.

975 3447 1073 3509 Septem
1087 3443 1181 3506 litigant
1194 3442 1267 3493 urbes
1281 3443 1313 3493 ob
1322 3442 1439 3506 originem
1449 3441 1568 3492 Homeri:

976 3535 1060 3596 Cyme,
1071 3536 1181 3595 Smyrna,
1194 3532 1277 3592 Chios,
1291 3531 1431 3594 colophon,
1444 3530 1527 3594 Pylos,
1538 3533 1632 3593 Argoa,
1645 3533 1766 3584 Atiroarae.

1641 3637 1765 3648 —-

976 3696 1038 3743 liam
1052 3709 1100 3741 non
1113 3701 1149 3742 est
1164 3700 1276 3740 terr-ostro
1290 3707 1372 3755 getius,
1387 3690 1428 3739 sed
1442 3690 1472 3738 alr
1485 3688 1575 3738 aetltere
1587 3692 1667 3740 Musae

1008 3775 1124 3824 Miserunt
1141 3784 1223 3840 aptum
1236 3774 1297 3823 seria
1311 3774 1383 3822 beare
1393 3773 1480 3820 airum.
1674 3760 1678 3766 ⁵

1258 3928 1315 3989 296.
1338 3940 1487 3983 aurierant,

1307 4055 1336 4104 de
1349 4054 1438 4105 eodem.

976 4196 1016 4242 list
1031 4189 1131 4256 patriam
1145 4190 1285 4256 Colophona
1301 4199 1367 4238 tuam
1384 4187 1426 4253 qui
1439 4188 1516 4248 dicat,
1533 4190 1659 4248 Homero,

1008 4280 1051 4325 Ast
1063 4275 1123 4324 alius
1140 4272 1266 4340 Smyrnam
1283 4289 1289 4323 ι
1306 4290 1361 4338 pars
1373 4272 1407 4321 ait
1420 4287 1470 4320 esse
1482 4270 1585 4331 Cirinm3

975 4361 1044 4409 Alter
1060 4364 1102 4407 lon
1116 4354 1176 4407 dixit
1190 4373 1197 4407 ι
1210 4368 1265 4407 suut
1277 4358 1319 4423 qui
1335 4355 1455 4406 Salamina
1467 4364 1597 4422 putarunt,

1009 4440 1111 4504 Quidam
1123 4449 1146 4488 te
1156 4439 1284 4504 Lapitlnim
1296 4438 1415 4502 sarrguinis
1424 4455 1473 4488 esse
1483 4437 1576 4496 lerunt,
1620 4501 1626 4506 ἱ

933 4540 935 4544 ·
976 4530 1054 4591 Atque
1068 4525 1120 4574 aliis
1132 4525 1203 4573 tellus
1214 4525 1260 4572 alia
1272 4524 1360 4572 editur.
1373 4529 1405 4571 at
1417 4523 1475 4571 milii
1489 4521 1509 4570 si
1524 4522 1557 4569 las

1008 4609 1130 4666 Veridico,
1144 4607 1245 4656 l‘lroebua
1257 4624 1309 4671 qum
1321 4608 1400 4668 docet,
1411 4623 1452 4655 oro
1470 4606 1549 4669 loqui,

976 4699 1029 4759 lpse
1046 4700 1130 4758 potens
1145 4691 1220 4740 aether
1232 4692 1276 4740 tibi
1290 4692 1379 4756 patt·ia;
1391 4708 1436 4739 nec
1448 4690 1492 4738 tilii
1505 4697 1581 4736 niater

1008 4781 1028 4827 E
1040 4791 1126 4842 genere
1137 4774 1253 4837 humano,
1267 4775 1306 4822 sod
1316 4775 1361 4822 <lea
1370 4774 1486 4839 Calliope.

1268 4924 1325 4970 297.
1341 4911 1375 4954 De
1389 4903 1479 4954 eudem.

977 5043 1075 5110 Septem
1088 5043 1158 5091 urbes
1174 5051 1267 5092 certant
1280 5044 1342 5106 crrjas
1355 5043 1447 5090 dicatur
1458 5045 1588 5089 Homerus:

976 5131 1062 5194 Cyme,
1074 5126 1192 5192 Smyrna,
1206 5126 1289 5184 Chios.
1300 5124 1438 5191 Colophon,
1449 5124 1528 5189 Pylos,
1547 5130 1632 5186 Argos,
1646 5120 1763 5175 Athenae.
