3810 5910
195 335 253 393 aaa
278 297 280 300 ⁵

440 477 467 528 ι.
491 468 718 527 urtraaaeot.

189 610 282 674 Οὐδείς
296 609 342 680 τὴν
358 608 425 680 ἰδίην
439 613 568 687 συνεχῶς,
587 609 745 686 Χαρίδημε,
760 617 870 686 γυναῖκα

228 707 307 756 κινεῖν
323 701 352 756 ἐκ
366 703 451 778 ψυχῆς
467 696 623 778 τερπόμενος
639 698 757 757 δύναται·

187 786 268 852 οὕτως
283 791 300 856 ἡ
316 786 391 866 ρύσις
407 785 461 844 ἐστὶ
477 786 634 867 ριλόκνισος,
650 786 858 865 άλλοιριόχρως,

226 874 271 933 καί
286 877 359 946 ζητεῖ
368 877 455 933 διόλου
469 876 516 945 τὴν
531 873 772 945 ξενοκυσθαπάτην.

460 1023 485 1072 ν.
499 1024 695 1071 aaaauorou.
788 1076 791 1085 ‚

187 1160 335 1236 Μὴμύρα,
350 1157 387 1235 μὴ
404 1159 546 1237 στεράνους
562 1161 670 1225 λιθίναις
685 1157 809 1230 στήλαισι
822 1157 947 1236 χαρίζου,

225 1249 292 1328 μηδὲ
306 1250 335 1309 τὸ
350 1256 403 1331 πῦρ
417 1249 521 1330 ρλέξῃς·
534 1251 559 1316 ἐς
572 1248 646 1308 κενὸν
658 1252 674 1319 ἡ
691 1247 805 1319 δαπάνη.

184 1338 270 1399 Ζῶντί
283 1364 326 1414 μοι
337 1384 344 1407 ,
356 1338 379 1395 εἴ
391 1363 417 1397 τι
431 1337 513 1404 θέλεις
523 1382 530 1409 ,
541 1335 664 1416 χάρισαι·
676 1337 771 1417 τέρρην
787 1337 814 1395 δὲ
831 1336 968 1413 μεθύσκων

223 1427 306 1499 πηλὸν
322 1424 455 1498 ποιήσεις,
468 1428 535 1505 κούχ
549 1429 563 1483 ὁ
578 1424 663 1485 θανὼν
680 1425 779 1485 πίεται.

458 1579 486 1629 o.
510 1556 691 1629 staurus.

184 1712 230 1782 ilii,
243 1711 309 1768 πάλι
324 1734 368 1787 μοι
384 1709 452 1788 μιτλ
467 1709 574 1789 δόρπον,
587 1710 625 1771 ὅτ’
638 1709 724 1771 οθκότι
738 1710 854 1790 γαστέρα
867 1709 965 1783 πείθω,

223 1799 321 1858 οὔθατα
336 1799 381 1858 καί
396 1800 492 1879 χοίρων
508 1797 573 1856 άντα
588 1798 654 1858 τίθει
668 1800 782 1877 τεμάχη·

183 1889 239 1947 οὐδὲ
255 1888 305 1966 γθιρ
321 1887 482 1967 ἐργοπόνοισι
499 1885 567 1964 μετδι
582 1886 681 1966 στάχυν
696 1886 793 1964 όμύρος
808 1887 914 1965 ἄκαιρος

221 1976 364 2057 χρήσιμος,
380 1978 409 2034 οθ
419 1976 526 2042 ναύταις
539 1978 565 2034 ἐν
577 1975 664 2052 λιμένι
678 1975 804 2056 Ζόρυρος.

413 2129 458 2178 ιο.
485 2117 732 2178 ΛΟΥΚΙΑΛΙΟΥ.

182 2265 235 2324 Τὸν
250 2269 294 2321 τοῦ
311 2264 460 2342 διιπναρίου
475 2262 554 2338 νόμον
569 2262 672 2323 οἴδατε·
688 2261 802 2342 σήμερον
817 2266 899 2340 ὑμᾶς,

223 2343 308 2428 Αθλε,
325 2355 399 2412 καλῶ
414 2361 511 2418 καινοῖς
528 2353 642 2428 δόγμασι
658 2352 815 2429 συμποσίου.

182 2443 221 2502 ού
237 2444 374 2518 μελοποιὸς
388 2445 440 2520 ε’ρεῖ
455 2442 650 2515 κατακείμενος
663 2441 722 2500 ούτε
735 2442 854 2521 παρέξεις

221 2531 274 2589 οὔθ’
289 2531 353 2599 iias<
367 2531 443 2597 αὐτὸς
460 2531 606 2610 πράγματα
616 2533 802 2610 γραμματικά.

448 2679 489 2727 il.
510 2680 570 2724 Tot
591 2680 698 2725 artur.

181 2821 237 2877 Οὐκ
248 2817 320 2897 ᾔδειν
335 2841 364 2875 σε
380 2816 526 2896 τραγῳδὸν,
543 2815 722 2893 Ἐπίκρατες,
739 2812 797 2873 otti
811 2814 962 2894 χοραύλην,

219 2907 271 2964 οὐδ’
290 2906 347 2964 ἄλλ’
363 2903 530 2978 ούδένρὸλως,
542 2896 578 2962 ὧν
592 2901 671 2983 χορδν
687 2902 757 2962 ἔστιν
768 2901 849 2981 ἔχειν·

181 2995 238 3052 ἀλλ’
253 2994 362 3052 ἐκάλουν
377 3015 406 3050 σε
422 2991 509 3067 μόνον·
525 2989 556 3050 σὺ
567 2991 590 3049 δ’
606 2989 674 3072 ἔχων
687 2991 766 3070 χορόν
777 2989 876 3050 οἴκοθεν
891 2989 962 3060 ἥκεις

219 3086 366 3161 ὀρχηστῶν,
381 3085 467 3147 αὐτοῖς
484 3081 570 3139 πάντα
587 3079 670 3147 διδούς
685 3079 780 3140 θπίσιυ.

180 3173 212 3230 El
227 3169 248 3227 δ’
263 3168 331 3229 οὓτω
343 3175 412 3228 τοῦτ’
426 3170 497 3248 ἐστί,
513 3169 545 3228 σθ
559 3170 618 3237 τοὺς
631 3169 736 3236 δούλους
751 3168 919 3244 κατάκλινον,

218 3266 293 3335 ἡμεῖς
309 3263 330 3318 δ’
347 3250 380 3318 αθ
393 3259 492 3325 τούτοις
505 3260 568 3339 πρὸς
582 3259 664 3324 πόδας
678 3257 819 3336 ἐρχόμεθα.

445 3410 489 3460 ιε.
512 3398 695 3460 Attaioi.

178 3533 258 3609 Οἶνος
273 3543 317 3601 καί
335 3541 494 3621 Κένταυρον,
512 3539 689 3618 Ἐπίκρατες,
705 3541 762 3619 οὐχί
778 3541 806 3599 σὲ
822 3546 928 3618 μοῦνον,

217 3632 324 3706 ὤλεσεν,
342 3634 383 3702 ἧδ’
398 3631 493 3710 ἐρατὴν
509 3630 625 3689 Καλλίου
641 3631 758 3701 ἡλικίην.

475 3820 498 3866 7.
518 3819 643 3851 urcancru.

178 3889 252 3938 Crede
266 3885 340 3948 mihi,
353 3902 425 3934 nemo
440 3887 574 3951 propriam,
590 3885 745 3947 Citarideme,
761 3886 871 3934 maritam

210 3976 243 4020 Ea
255 3970 328 4018 aninri
341 3985 410 4018 sensu
423 3985 517 4034 semper
529 3985 609 4018 amare
622 3976 708 4034 potest.

175 4052 213 4101 Sic
227 4051 318 4100 homini
331 4050 451 4115 ingenium
465 4061 500 4100 est
515 4066 520 4100 :
534 4052 624 4100 alienos
636 4050 714 4117 prurit
725 4051 755 4100 ad
769 4059 850 4111 artus,

208 4141 237 4186 Et
247 4137 322 4185 resina
337 4135 429 4200 placet,
446 4150 494 4184 non
508 4151 567 4196 stra,
580 4142 649 4202 capta
659 4133 724 4185 doio.

490 4236 514 4286 8.
533 4253 642 4285 taenara.

175 4333 247 4378 Parce
260 4343 316 4392 rogo
329 4334 475 4391 unguentum
489 4327 560 4393 cippo
574 4329 647 4388 darc,
659 4343 730 4392 parce
740 4327 856 4386 corollas,

207 4417 237 4462 Et
250 4413 355 4462 [lammae
368 4413 476 4462 iiammis.
490 4416 584 4461 Sumtus
597 4411 676 4462 inanis
688 4413 743 4463 erit.

174 4496 254 4543 Laudo
267 4496 317 4543 dari
330 4494 387 4543 airis
399 4510 405 4544 :
416 4492 490 4542 cineri
500 4493 555 4542 data
566 4493 620 4542 rina
633 4494 753 4545 latescunt
773 4510 779 4544 :

207 4582 236 4626 Et
249 4577 309 4626 bibit
319 4595 347 4626 ex
363 4578 408 4625 iliis
422 4587 531 4627 mortuus
542 4577 597 4626 inde
611 4577 681 4628 nihil.

482 4687 507 4736 9.
526 4687 646 4721 naoarnra.

174 4760 287 4805 Prausuur
299 4754 348 4818 jam
358 4752 415 4802 satis
428 4764 481 4803 est:
495 4769 543 4802 non
557 4754 659 4820 amplius
672 4752 712 4802 iiia
723 4753 810 4802 latrant
821 4765 828 4797 τ

207 4842 242 4888 Ne
255 4838 364 4896 botulos,
377 4853 408 4885 ne
420 4839 464 4901 jain
478 4839 570 4886 sumina
583 4855 645 4903 poue
655 4837 724 4887 milri.

172 4921 242 4968 Serus
254 4919 283 4966 ad
300 4917 413 4982 agricolas
425 4925 478 4983 post
487 4934 585 4966 messem
597 4917 687 4966 decidit
700 4917 786 4976 imber,

205 5005 255 5052 Nec
268 5012 379 5062 nautam,
393 5011 488 5066 portum
501 5019 555 5050 cum
568 5012 648 5063 tenet,
659 5002 800 5065 aurajuvat.

481 5119 517 5151 il).
532 5118 652 5151 humbli·

171 5194 195 5246 Si
210 5193 267 5259 quid
281 5202 360 5241 nostra
374 5191 450 5257 piacet
463 5191 507 5240 tibi
517 5193 621 5250 omnuia,
638 5207 736 5258 vespere
747 5190 834 5251 uobis,

754 334 1010 396 hNTilOLOGlAE
1032 335 1234 398 Patauium

1208 483 1231 530 a.
1249 482 1400 532 urcauam
1417 480 1602 547 [ulciacum

1015 616 1103 668 Nullus
1114 618 1235 681 propriam
1249 619 1422 679 indesinenter,
1437 636 1452 670 ο
1466 621 1624 685 Charideme,
1639 624 1768 675 mulierem

1047 704 1206 768 comprimere
1216 719 1247 756 ex
1261 707 1342 757 autmo
1355 707 1463 772 gaudeus
1478 711 1549 761 valet.

1015 796 1098 858 Usque
1108 797 1170 848 adeo
1179 803 1268 848 natura
1280 797 1542 863 cupida-titillationis,
1556 799 1798 863 aenaeum-appo

1045 887 1071 934 et
1082 888 1171 947 quent
1182 888 1281 938 omuino
1295 889 1662 939 tri-externo-cunno-trauuem.
1712 890 1799 956 [tens,

1304 1032 1327 1075 θ.
1351 1035 1509 1078 abortum.

1014 1154 1050 1202 Ne
1062 1152 1199 1214 urguente,
1212 1163 1243 1199 ne
1255 1163 1359 1199 coronas
1369 1149 1471 1214 lapideis
1484 1149 1561 1214 cippis
1571 1149 1671 1213 largire,

1044 1253 1093 1289 neu
1106 1238 1187 1302 ignem
1199 1241 1319 1301 renuentis
1330 1252 1404 1288 uras:
1419 1238 1542 1288 incassum
1553 1235 1584 1301 fit
1600 1241 1723 1300 sumptus.

1014 1327 1110 1378 virenti
1123 1326 1196 1386 mihi,
1207 1327 1228 1376 si
1242 1324 1352 1390 quid-vla
1360 1364 1366 1386 ‚
1374 1326 1478 1391 tarmcc
1489 1327 1665 1376 favillamrcro
1674 1324 1798 1375 inebrians

1044 1429 1141 1466 caenum
1154 1415 1240 1474 iacies,
1253 1428 1333 1477 neque
1346 1414 1477 1465 defunctus
1488 1415 1563 1464 bibet.

1244 1578 1259 1624 a
1282 1572 1429 1622 rucuma
1447 1569 1564 1633 (rama.

1011 1725 1046 1772 Ne
1060 1734 1145 1772 rursus
1158 1721 1219 1770 mibi
1232 1723 1289 1784 post
1300 1733 1404 1779 omnam,
1419 1733 1496 1782 quum
1509 1715 1620 1778 nou-iem
1633 1713 1796 1764 renuendo·

1044 1811 1119 1860 ubera
1131 1813 1156 1859 et
1169 1822 1299 1873 porcorum
1312 1820 1406 1874 appone
1418 1807 1497 1856 truste
1508 1821 1513 1850 :
1610 1801 1795 1868 [alterationes.

1012 1912 1090 1962 neque
1103 1899 1168 1948 euim
1179 1897 1290 1962 agricolis
1304 1899 1361 1960 post
1373 1907 1480 1944 messem
1494 1893 1573 1945 imber
1586 1892 1744 1955 importunus

1042 1988 1122 2043 utilis,
1136 2001 1216 2049 neque
1228 1985 1310 2036 nautis
1322 1985 1346 2034 in
1362 1987 1436 2047 portu
1447 1981 1576 2046 zephyrus.

1301 2129 1337 2173 10.
1355 2116 1505 2173 ubertati.

1010 2268 1148 2319 Conuiuioli
1159 2268 1238 2331 legem
1245 2264 1349 2316 novistis
1360 2287 1365 2315 :
1376 2264 1450 2314 bodie
1460 2277 1513 2323 ros,

1041 2357 1117 2416 Aule,
1132 2369 1194 2406 roco
1207 2355 1278 2405 noris
1291 2354 1386 2418 placitis
1398 2352 1560 2417 computandi.

1010 2448 1062 2495 uon
1075 2443 1263 2508 melicus-poeta
1273 2442 1419 2497 declamabit
1432 2438 1594 2500 accumbens·,
1608 2451 1686 2501 neque
1697 2439 1793 2501 praebc-

1040 2544 1120 2593 neque
1130 2528 1234 2579 habebis
1247 2529 1300 2592 ipse
1312 2528 1409 2593 negotia
1420 2527 1587 2592 gratnmatlca.
1748 2524 1796 2588 [bis

1293 2689 1330 2733 ii.
1356 2692 1504 2734 tsusottat.

1008 2827 1060 2875 iton
1076 2818 1165 2876 noram
1172 2828 1196 2875 te
1204 2823 1355 2889 tragmdum,
1366 2825 1500 2887 Erricratcs,
1513 2835 1558 2872 acc
1569 2818 1789 2872 choretibiciocrn.

1039 2927 1118 2976 neque
1129 2913 1197 2964 aliud
1207 2913 1284 2963 ulium
1297 2912 1396 2962 omnino
1405 2924 1510 2974 quorum
1521 2912 1560 2960 est
1571 2907 1675 2958 chorum
1687 2904 1791 2960 hahere3

1008 2999 1052 3049 scd
1064 2999 1199 3049 invitabam
1210 3003 1236 3050 te
1255 2998 1335 3048 solum
1351 3019 1356 3046 ι
1373 3001 1402 3048 ta
1415 3009 1474 3047 reto
1486 2996 1579 3046 babens
1597 2994 1699 3045 chorum
1717 2993 1792 3042 domo

1038 3089 1196 3149 saltatorum,
1208 3087 1268 3151 ipsis
1280 3091 1369 3138 cuncta
1383 3086 1444 3136 daus
1457 3090 1562 3149 a-tergo.
1689 3081 1793 3146 [venisti

1008 3177 1102 3227 sivero
1115 3178 1163 3228 boc
1175 3177 1210 3227 ita
1225 3180 1277 3237 est,
1293 3180 1322 3226 tu
1335 3189 1420 3226 seruos
1433 3171 1663 3235 accumbere-jube,

1038 3280 1082 3316 nos
1096 3269 1180 3317 autem
1192 3265 1232 3315 his
1244 3263 1352 3314 vicissim
1368 3265 1398 3313 ad
1413 3261 1488 3327 pedes
1501 3262 1630 3313 stabimus.

1317 3416 1353 3460 ta.
1371 3411 1484 3459 AbCAEI.

1007 3553 1096 3602 Vinum
1106 3554 1131 3602 et
1141 3555 1300 3613 Centaurum,
1312 3550 1470 3614 oEpicrates,
1486 3563 1533 3599 non
1546 3553 1570 3600 te
1585 3549 1665 3599 solum

1036 3641 1153 3705 perdidit,
1169 3645 1243 3704 atquc
1254 3639 1384 3690 amabilem
1396 3639 1479 3689 Calliae
1494 3641 1604 3688 actuum.

1038 3806 1083 3855 Sed
1096 3807 1194 3855 conviva
1205 3806 1273 3854 noris
1286 3805 1389 3870 legimus,
1406 3806 1480 3868 huie,
1494 3804 1556 3853 veui.

1005 3891 1059 3937 Non
1075 3890 1183 3938 volumus
1196 3891 1280 3938 recitet
1292 3891 1332 3954 rpri
1346 3890 1451 3938 rarmina
1468 3904 1473 3936 :
1487 3888 1552 3937 nulia
1563 3887 1670 3936 movebis

1039 3975 1073 4019 Du
1089 3988 1115 4020 re
1126 3972 1277 4035 grammatica
1286 3972 1378 4035 jurgia,
1392 3987 1463 4019 uerno
1477 3970 1530 4020 tibi.

1307 4136 1344 4168 11.
1365 4135 1481 4167 causum,

1004 4262 1093 4311 Histrio
1104 4279 1147 4311 nec
1160 4261 1228 4311 nobis
1240 4260 1474 4327 nee,Epicmtcs,esse
1484 4258 1598 4307 choraula

1036 4346 1159 4407 Creditus,
1173 4355 1216 4394 aut
1226 4344 1293 4410 cujus
1305 4360 1355 4394 mos
1367 4345 1397 4392 sit
1411 4343 1502 4391 tutare
1514 4341 1625 4398 chorum,

1003 4432 1063 4478 Cum
1076 4444 1145 4493 grege
1154 4429 1296 4488 saltantum,
1310 4445 1401 4477 mecum
1412 4443 1506 4475 coenare
1518 4435 1626 4489 rogatus,

1035 4516 1070 4561 En
1079 4516 1147 4567 ades,
1159 4522 1183 4562 et
1196 4513 1269 4561 donas
1285 4512 1374 4578 optima
1389 4528 1489 4576 quaeque
1500 4519 1574 4558 retro.

1001 4598 1025 4647 Si
1040 4600 1116 4659 placer
1131 4598 1191 4659 hoc,
1208 4614 1289 4646 enarres
1302 4607 1380 4644 tecum
1393 4595 1544 4644 discumbere
1557 4608 1637 4641 servos

1035 4686 1080 4731 Fac
1094 4699 1178 4747 precor
1192 4697 1198 4730 :
1215 4691 1237 4729 at
1250 4679 1318 4728 nobis
1332 4680 1363 4728 sit
1377 4679 1442 4729 iocus
1452 4693 1465 4727 a
1476 4677 1585 4744 pedibus.

1323 4857 1459 4908 raucam.

1232 4973 1259 5014 Iu
1279 4967 1411 5035 Philippum
1430 4972 1526 5032 Regem.

998 5103 1091 5153 Occidit
1104 5113 1128 5151 ut
1141 5104 1195 5151 rino
1210 5108 1356 5163 Centaurus,
1370 5105 1505 5170 Epicrates3
1518 5103 1582 5152 haud
1595 5111 1621 5151 tu

1030 5188 1099 5237 Solus
1111 5204 1136 5236 es
1147 5197 1172 5236 et
1183 5189 1247 5236 dulei
1261 5190 1335 5237 Gallia
1354 5188 1412 5237 tore
1428 5205 1497 5254 puer.
1600 5183 1614 5223 ⁰
