3810 5910
213 411 272 467 330

477 541 537 594 aaa.
558 545 693 591 meson.

212 672 333 752 Αἰθερίην
347 673 389 733 διά
401 673 480 730 νύκτα
495 670 545 729 νίοι
557 670 699 749 κατάγουσι
715 672 832 743 Σελήνην

249 757 329 834 ἠίθεοι
343 762 449 843 Φαρίης
464 760 557 840 ἄνδιχα
572 764 743 837 τεμνομένην.

456 913 526 965 26³.
550 904 740 963 [isinana.

211 1047 310 1126 Παύλῳ
323 1046 444 1125 κωμῳδῷ
457 1045 516 1103 κατ’
530 1043 593 1122 ύναρ
608 1040 672 1109 στάς
686 1033 741 1102 εἷπε
757 1042 914 1125 Μένανδρος·

248 1162 260 1188 ι
276 1135 358 1194 Οὐδὲν
372 1131 423 1208 ἐγὼ
442 1131 510 1191 κατὰ
526 1137 592 1208 σού,
607 1131 653 1192 κοιλ
668 1131 700 1190 ού
715 1135 801 1198 κακῶς
816 1155 850 1209 με
865 1129 957 1210 λέγεις.
976 1160 986 1183 ν

436 1286 505 1336 26⁴.
522 1275 768 1337 suismslni.

209 1416 324 1487 Ποιήσας
339 1417 457 1488 δαπάνην
473 1416 499 1472 ἐν
514 1413 602 1480 ύπνοις
615 1417 629 1472 ύ
643 1414 798 1495 φιλάργυρος
809 1411 922 1492 Ἰἰρμων

247 1508 276 1564 ε’κ
289 1504 460 1586 περιωδυνίας
476 1504 554 1563 αὑτὸν
569 1503 757 1582 άπηγγύνιοεν.

467 1651 532 1700 iiii.
552 1652 611 1698 ΤΟΥ
629 1652 737 1698 ΑΥΤΟΥ.

209 1788 240 1846 Εἰ
254 1785 301 1862 μίν
317 1786 357 1845 ἐπ’
375 1785 533 1852 ἄττιλάύους
547 1786 638 1863 ιίγιτοιι
654 1786 779 1866 στρατὸς,
801 1784 818 1855 ἢ
835 1785 986 1859 κυνομυίας,

245 1873 263 1943 ἢ
279 1873 360 1950 μύας,
374 1871 391 1942 ἢ
405 1875 509 1954 ψυλλῶν
524 1873 632 1931 ἱππικὸν
647 1871 664 1943 ἢ
681 1872 840 1952 βατράχων,

207 1964 286 2034 Γάϊε,
303 1961 348 2020 καί
360 1962 391 2021 ού
406 1961 485 2040 ρούοῦ
503 1959 540 2036 μὴ
558 1961 603 2020 καὶ
618 1959 647 2018 σε’
661 1984 699 2028 τις
714 1960 884 2039 ἐγκαταλέξῃ,

245 2054 280 2118 ὡς
295 2050 326 2108 ἂν
342 2057 388 2122 τῆς
402 2049 500 2109 τούτων
516 2049 587 2117 άξιον
599 2048 661 2108 ὄντα
678 2050 776 2131 μάχης.

209 2139 239 2201 Ei
254 2138 276 2199 δ’
287 2144 379 2221 άρετῆς
394 2142 491 2219 ἀνδρῶν
506 2136 597 2215 άγεπαι
610 2138 733 2217 στρατὸς,
746 2140 810 2199 ἄλλο
822 2163 847 2197 τι
861 2139 946 2209 παῖζε·

247 2228 388 2306 Ῥωμαίοις
400 2228 422 2285 δ’
438 2226 518 2292 οὐδεὶς
533 2228 596 2305 πρὸς
607 2225 730 2304 γεράνους
743 2225 865 2305 πόλεμος.

464 2373 525 2425 266.
546 2377 606 2421 ΤΟΥ
625 2375 731 2421 λΥΓΟΥ.

206 2495 310 2562 Ψευδὲς
325 2495 449 2574 ἔσοπτρον
464 2495 519 2573 ἔχει
533 2493 703 2571 Δημοσθενίς·
719 2495 741 2552 εί
752 2492 803 2572 γάρ
817 2492 912 2564 ἀληθὲς

246 2583 364 2657 ἔύλεπεν,
374 2583 422 2643 οὐκ
434 2581 466 2642 ἃν
481 2581 547 2650 ὅλως
557 2582 648 2655 ἤθελεν
667 2583 731 2642 αὐτὸ
747 2583 863 2660 βλέπειν.

485 2735 546 2786 267.
567 2737 706 2784 masos.

206 2854 332 2934 Κερκίδος
343 2855 371 2912 οὗ
385 2853 489 2933 χρῄζεις
502 2857 516 2911 ὁ
529 2852 688 2931 λογιστικὸς,
704 2848 761 2913 otti
777 2852 850 2927 μέλει
866 2875 914 2912 σοι·

244 2944 289 3002 καί
300 2944 351 3023 γάρ
366 2943 537 3010 άύασκοίντως
552 2946 610 3024 ρίνα
623 2940 752 3022 τρίπηχυν
766 2943 844 3022 ἔχεις.

504 3088 565 3141 268.
585 3093 682 3141 ΑΔΔΟ.

204 3212 244 3270 Οὐ
260 3210 366 3270 δύναται
380 3212 413 3290 τῇ
428 3213 497 3290 χειρὶ
515 3209 633 3288 Πρύκλος
647 3209 694 3279 τὴν
710 3212 758 3289 ῥῖν’
772 3209 943 3287 ἀπομάσσειν·

243 3302 289 3370 τῆς
305 3300 371 3378 ῥινὸς
384 3299 435 3378 γάρ
450 3300 505 3379 ἔχει
520 3298 566 3370 τὴν
576 3299 644 3378 χέρα
658 3298 823 3378 μικροτέρην·

204 3389 261 3447 οὐδὲ
274 3389 344 3465 λέγει
356 3390 421 3448 Ζεῦ
438 3393 544 3447 σῶσον
558 3389 601 3446 εἰίιν
616 3393 713 3466 πταρῇ·
728 3390 758 3447 οὗ
768 3389 818 3468 γὰρ
834 3389 922 3447 ἀκούει

243 3481 288 3548 τῆς
300 3477 375 3557 ῥινός·
388 3477 454 3537 πολὺ
470 3478 520 3556 γάρ
532 3480 579 3546 τῆς
594 3479 674 3548 ἀκοῆς
688 3476 792 3556 ἀπέχει.

480 3614 542 3665 269.
563 3616 703 3665 ΑΔΗΔΟΝ.

234 3718 265 3770 είς
277 3717 332 3765 ναὸν
348 3721 389 3764 τοῦ
402 3717 543 3778 ’Προκλέους
555 3716 679 3778 γενόμενον
690 3720 732 3764 ιοῡ
747 3715 816 3777 ἁγίου
831 3715 944 3766 Λουκίου.

243 3831 276 3891 ‘0
291 3837 336 3890 τοῦ
353 3832 413 3898 Διὸς
428 3840 489 3899 παῖς
505 3833 653 3900 καλλίνικος
671 3831 805 3912 Ἡρακλῆς

241 3923 287 3979 οὐκ
302 3921 355 3997 εἰμί
370 3919 497 3990 Λούκιος,
508 3923 566 3979 ἀλλ’
579 3919 755 3998 άναγκάζουοί
770 3943 812 3996 με.

486 4093 542 4139 α63.
564 4107 688 4140 armanore.

200 4221 310 4269 tionrmdo
326 4219 387 4268 risus
403 4220 476 4271 Panlo
490 4220 519 4268 rie
533 4228 603 4268 nocte
618 4218 751 4269 Menander
766 4236 772 4268 ι

232 4307 281 4353 Cur
294 4320 343 4362 me,
356 4303 400 4359 ιίι,
419 4304 534 4366 infamas,
550 4303 591 4368 qui
605 4302 648 4353 tibi
661 4303 695 4352 nii
710 4303 800 4353 nocui?

495 4434 551 4490 aas.
578 4449 697 4482 uncinum.

199 4576 225 4621 in
238 4572 326 4620 somnis
337 4572 428 4636 aliquid
440 4581 530 4621 sumtus
544 4572 599 4635 quia
613 4571 701 4620 iecerat
715 4574 833 4628 Hermon,

231 4656 356 4722 Suspendit
367 4672 418 4705 sese
430 4666 525 4705 mustus
538 4656 646 4706 avaritie.

488 4782 547 4835 sii.
566 4801 684 4833 ιιυουιιιι.

196 4910 220 4959 Si
234 4909 353 4969 bruchus,
368 4910 387 4958 si
402 4925 459 4958 carra
471 4911 575 4976 loquax,
594 4913 613 4960 si
625 4927 705 4960 musca
720 4910 820 4970 canina,

230 4995 253 5044 Si
268 5009 333 5053 mus,
347 4993 365 5041 si
380 4993 452 5058 pulex
467 4992 541 5044 hostis
555 4994 677 5044 habendus
689 4995 745 5057 erit,

196 5080 304 5128 Dileoior
316 5094 346 5126 ne
360 5085 383 5127 te
395 5077 473 5142 rapiat
485 5079 652 5146 circumspice,
666 5081 708 5130 Gai
722 5095 728 5127 :

228 5162 294 5212 Talia
311 5178 366 5212 nam
381 5162 490 5211 manibus
502 5163 581 5228 prmiia
593 5160 662 5228 digna
675 5165 729 5213 tuis.

195 5248 237 5299 ein
252 5247 326 5297 sirius
339 5244 467 5314 spectanda
483 5248 573 5309 νίιιίιιι,
590 5266 626 5296 ras
639 5246 689 5297 lraer
704 5245 764 5296 nihii
780 5247 810 5294 nd
825 5256 861 5293 te:

776 405 1030 467 ANTHOLOGIAE
1052 403 1254 465 PALATINAE

1319 561 1371 604 282.
1392 561 1526 604 incesti.

1033 696 1173 746 AEtheroam
1187 699 1336 759 pernoctem
1346 696 1425 746 teneri
1437 692 1564 745 declamat
1577 694 1677 744 Selenen

1062 786 1164 847 jnrenes
1175 782 1271 832 Pharia¹
1281 783 1468 846 (Alexandrini
1476 781 1589 832 hiiariain
1602 781 1793 844 qnnuiririiiur

1311 918 1364 971 263.
1384 917 1545 968 PALLADE.

1032 1053 1110 1106 Paulo
1118 1055 1229 1106 mnodo
1240 1070 1285 1120 per
1297 1053 1424 1131 somnium«
1429 1049 1530 1101 adstans
1541 1047 1604 1098 dixit
1617 1044 1749 1099 Menanter
1760 1068 1767 1097 ε

1066 1164 1077 1186 ι
1095 1145 1134 1194 iiii
1145 1158 1189 1208 ogo
1199 1144 1256 1195 mali
1269 1144 1294 1194 ia
1307 1147 1345 1204 te,
1361 1145 1424 1192 ettn
1435 1134 1499 1190 male
1514 1134 1634 1190 medicis.
1647 1155 1660 1182 ι

1320 1285 1374 1339 261.
1388 1279 1532 1331 Lucrum.

1015 1486 1019 1495 Ι
1033 1421 1240 1486 Postquam-iecit
1253 1422 1381 1483 sumptum
1393 1417 1419 1466 in
1432 1415 1525 1466 somnis
1534 1427 1623 1467 marus
1637 1417 1760 1474 iiermon,

1063 1523 1114 1574 prae
1124 1509 1297 1560 nimio-siolore
1306 1507 1431 1572 seipsum
1443 1503 1612 1566 strangulavit.

1302 1656 1354 1699 285.
1379 1654 1533 1698 seusun.

1031 1798 1056 1848 Si
1068 1801 1154 1848 contra
1167 1797 1258 1846 brucos
1268 1795 1374 1846 ducatur
1384 1793 1521 1853 exercitus,
1533 1793 1578 1843 aut
1591 1791 1688 1841 caninas
1701 1804 1817 1851 muscas,

1063 1889 1108 1936 aut
1120 1899 1216 1945 mures,
1227 1887 1270 1934 aut
1286 1883 1397 1949 pulicum
1411 1882 1559 1945 equitatum,
1573 1883 1616 1930 ant
1628 1893 1752 1940 merum,

1031 1975 1091 2035 Gai,
1101 1972 1127 2024 ει
1141 1977 1170 2024 tu
1183 1975 1242 2024 time
1256 1986 1285 2023 ne
1298 1974 1324 2022 ot
1333 1975 1358 2022 ta
1370 1963 1492 2036 quispiam
1501 1966 1756 2032 sacramenioadigat,

1062 2067 1179 2126 unquam
1189 2062 1289 2112 illorum
1303 2061 1404 2125 dignam
1418 2072 1509 2123 pugna.
1608 2056 1688 2121 [piam
1701 2069 1810 2120 srugsro:

1031 2155 1056 2204 si
1070 2166 1129 2202 reru
1145 2151 1245 2201 fortium
1266 2143 1722 2208 rimrumdnceturexerritus,a1iud
1741 2143 1815 2209 quid·

1062 2237 1180 2292 Romanis
1188 2252 1247 2289 vero
1261 2236 1359 2288 nullum
1371 2234 1491 2287 adversus
1500 2248 1573 2300 grues
1586 2235 1625 2286 est
1636 2236 1770 2285 certamen.

1308 2372 1361 2418 ino.
1385 2376 1533 2418 EIUSDEM.

1030 2507 1134 2559 Mendax
1148 2509 1276 2572 specuium
1289 2507 1365 2557 hebet
1379 2506 1553 2558 Demosthenis
1569 2528 1576 2557 ι
1592 2505 1692 2557 sienim
1703 2518 1776 2556 recor

1061 2597 1205 2661 inspiceret,
1219 2594 1370 2646 nullomodo
1384 2590 1459 2645 relisi
1474 2592 1538 2645 iiinri
1548 2592 1679 2658 inspicere.

1314 2725 1368 2770 267.
1393 2731 1533 2772 incensi.

1032 2850 1105 2913 Virga
1119 2862 1167 2898 non
1179 2862 1236 2912 eges
1249 2852 1404 2912 supputator,
1419 2861 1465 2898 aco
1475 2848 1595 2898 curm-est
1608 2846 1655 2898 tihi
1668 2868 1674 2896 ι

1061 2940 1166 2999 etenim,
1181 2953 1226 2989 neo
1239 2934 1354 2997 invideo.
1370 2953 1457 2989 nssum
1473 2938 1639 2989 tricubitalem
1652 2936 1736 2991 isaias-s.

1324 3083 1378 3128 268.
1406 3088 1511 3133 atino.

1028 3221 1081 3269 Νοιι
1096 3222 1178 3283 potest
1188 3233 1262 3269 manu
1274 3218 1375 3268 Proclus
1388 3230 1476 3268 nasum
1490 3231 1635 3280 emungere,

1061 3320 1119 3356 naso
1130 3307 1195 3356 enim
1209 3306 1283 3357 hahet
1298 3319 1399 3356 manum
1409 3305 1537 3355 minorem.

1030 3401 1113 3460 Neque
1127 3397 1188 3447 dicit
1207 3418 1219 3440 «ι
1230 3399 1327 3462 Jupiter
1338 3394 1409 3447 serra
1426 3418 1448 3456 υ,
1463 3397 1485 3445 si
1504 3396 1653 3446 sternutarit
1668 3415 1673 3444 :
1686 3409 1734 3445 non
1748 3397 1816 3445 cuim

1061 3500 1165 3535 nasum:
1180 3487 1286 3536 multum
1301 3487 1364 3536 enim
1377 3485 1524 3535 aii-auribus
1538 3483 1615 3534 abest.
1729 3484 1815 3548 [audii

1309 3632 1360 3679 iou.
1391 3637 1530 3679 incussi.

1158 3750 1182 3789 in
1195 3746 1305 3802 surripiam
1316 3744 1420 3788 arronii·
1429 3745 1491 3800 quod
1501 3743 1568 3788 flebat
1577 3745 1599 3787 s.
1611 3745 1680 3788 aucti.

1028 3842 1098 3891 Joris
1111 3842 1176 3891 iiiios
1194 3841 1387 3905 palcina-victor
1397 3842 1514 3892 Hercules

1029 3944 1076 3979 nnn
1088 3945 1142 3979 sum
1157 3930 1246 3979 iiuoius
1256 3968 1262 3987 ,
1273 3930 1316 3979 sed
1328 3934 1418 3992 cogunt
1436 3943 1542 3980 ιιιοοιιο.

1694 4039 1802 4055 nnn-u-

1060 4096 1182 4142 Romanus
1193 4103 1279 4141 contra
1294 4109 1343 4141 nou
1359 4102 1440 4142 movet
1453 4109 1520 4142 erma
1532 4109 1609 4156 gerres.

1326 4220 1381 4270 αδδ.
1400 4233 1514 4267 musone.

1027 4331 1136 4379 Mendaci
1151 4330 1248 4396 speculo
1263 4327 1430 4378 Dernosihenis
1445 4327 1536 4388 utitur,
1554 4338 1612 4378 esset

1061 4416 1085 4466 si
1098 4432 1186 4478 veroa,
1198 4414 1320 4481 specuium
1333 4430 1378 4463 nec
1391 4413 1474 4479 procul
1486 4413 1612 4477 aspiceret.

1322 4535 1379 4595 267.
1401 4549 1510 4582 rucanas.

1028 4657 1081 4703 Non
1096 4671 1157 4720 opus
1169 4664 1204 4702 est
1219 4653 1299 4712 radio,
1316 4666 1422 4710 mensur,
1438 4651 1482 4698 nin
1499 4666 1505 4700 ι
1521 4666 1627 4715 (premiere
1642 4651 1691 4700 noli
1708 4667 1714 4701 ι

1058 4726 1116 4788 iras
1131 4738 1224 4787 cabitos
1237 4753 1305 4785 rmsus
1319 4737 1359 4801 qui
1373 4746 1455 4802 patei,
1468 4737 1487 4784 is
1503 4736 1559 4784 sotis
1573 4745 1616 4784 est.

1324 4860 1380 4907 268.
1400 4871 1521 4908 ιιιιιιιιιιι.

1025 4992 1161 5058 Mungendo
1174 4991 1251 5040 Procli
1265 5006 1348 5039 manus
1360 5001 1393 5039 est
1407 5007 1451 5039 neo
1464 4989 1547 5038 idonea
1560 5004 1615 5037 naso
1629 5005 1635 5038 :

1057 5077 1121 5140 Quid
1140 5076 1244 5124 mirum?
1262 5091 1319 5124 naso
1338 5092 1392 5123 nam
1407 5075 1486 5122 minor
1500 5074 1549 5138 ipsa
1562 5088 1654 5122 manus.

1024 5167 1073 5212 Ner
1085 5161 1129 5210 sibi
1140 5171 1291 5220 sternamus,
1304 5162 1353 5219 Sit,
1365 5161 1407 5220 ait,
1418 5159 1498 5208 bene:
1512 5157 1600 5224 quippe
1614 5172 1658 5206 nec
1674 5156 1742 5207 audit

1057 5251 1159 5307 Nasum,
1174 5245 1214 5311 qui
1228 5253 1321 5293 taniam
1335 5243 1405 5291 distat
1416 5241 1446 5291 ab
1459 5240 1580 5292 auriculis.
