3810 5910
569 385 692 446 CAPUT
713 384 777 445 XV.
799 385 1069 447 MlSCELLilNEA
1091 388 1277 462 QUAEDAM.
1670 393 1729 450 505

132 521 200 575 ιιισῶ
214 516 381 596 Λωτοφάγων
402 519 530 596 γλυκερὴν
546 519 702 599 λιπόπατριν
715 517 826 588 ἐδωδήν·

132 608 261 684 Σειρήνων
276 630 304 664 τε
320 608 396 682 μέλος
410 608 563 685 καταγωγδν
579 608 718 684 ἀναίνομαι
730 607 836 687 ἐχθρόν’

80 704 104 729 ”“
131 696 197 752 ἀλλὰ
211 694 301 752 λαθεῖν
314 696 397 753 θεόθεν
410 698 555 776 ψυγοσσόον
572 698 685 772 εὔγομαι
701 695 794 770 ἀνθος,

131 785 219 855 μῶλυ,
235 787 323 839 κακῶν
338 782 416 850 δοξῶν
433 784 586 862 ἀλκτήριον·
602 765 656 841 ῶτα
672 782 698 841 δὲ
714 789 788 864 κηρῷ

131 872 265 947 ἀσφαλέως
281 871 385 938 κλείσας
400 880 540 951 προφυγεῖν
555 872 702 949 γενετήσιον
719 872 814 951 ὁρμήν.

130 961 222 1017 Ταῦτα
238 961 319 1036 λέγων
333 982 360 1016 τε
371 960 479 1040 γράφων
490 983 519 1017 τε
533 960 615 1039 πέρας
630 958 726 1038 βιότοιο
741 960 853 1040 κιχείην.

183 1125 227 1175 13.
255 1118 559 1177 ΚΩΝΣΤΑΝΤΙΝΟΥ
580 1119 658 1178 ΤΟΥ
681 1120 858 1178 ΣΙΚΙίΛΟΥ.

384 1257 423 1310 Εἰς
433 1257 473 1304 τὸν
483 1255 561 1320 θρόνον
571 1258 652 1307 αὐτοῦ.

133 1388 163 1444 tit
180 1388 225 1461 μέν
241 1412 278 1452 τις
294 1387 370 1466 σοφὸς
384 1388 453 1459 έσσῖ,
467 1387 566 1468 ἐφέζεο·
581 1389 643 1446 εἶδέ
657 1412 686 1467 γε
701 1389 808 1460 Μούσης

130 1474 249 1553 δακτύλῳ
264 1476 401 1556 ἀκροτάτῳ
413 1476 601 1549 ἀπεγεύσαο,”
624 1477 635 1496 “
657 1479 668 1500 ’
691 1477 703 1500 *

129 1563 218 1640 πόῤῥω
232 1568 305 1631 στῆθ’
318 1567 364 1620 ἀπ’
378 1568 462 1638 ἐμεῖο,
478 1563 521 1620 καὶ
537 1564 627 1623 ἀλλοθι
643 1564 710 1632 δίζεο
724 1563 817 1640 έδρην·

129 1650 240 1724 κλισμὸς
253 1650 304 1728 ἐγὼ
319 1652 416 1732 φορέων
431 1652 522 1730 σοφίης
535 1648 683 1730 ἐπιίστορας
695 1653 799 1725 ἄνδρας.

361 1820 404 1867 tt.
428 1809 677 1868 ΘΙΞΟΦΑΝΟΥΣ.

367 1936 512 2000 Ἀντίγραφον
524 1938 579 1998 πρὸς
593 1941 674 1985 ταῦτα.

130 2068 182 2129 Καὶ
197 2067 222 2124 τί
237 2092 265 2144 γε
280 2071 352 2142 σῆμα
369 2068 452 2147 φέρεις
466 2069 609 2147 ἐξαίρετον,
624 2058 646 2127 ἀι
663 2066 812 2145 κενεαυχές,

127 2157 182 2215 ὅττι
196 2156 289 2238 σοροὺς
302 2156 395 2235 φιλέεις
410 2155 471 2230 μέν,
485 2157 614 2231 ἀμούσους
628 2156 650 2214 δ’
665 2156 866 2232 ἀνταπερύκεις;

128 2248 168 2304 Οὐ
182 2245 278 2323 χρυσὸν
295 2245 408 2324 φορέεις,
424 2249 470 2302 οὐκ
485 2244 611 2322 ἄργυρον,
624 2245 670 2301 οὐκ
682 2244 827 2323 ἐλέφαντα,

128 2336 196 2392 ἀλλά
208 2358 238 2391 σε
249 2337 380 2402 τεκτονίης
395 2333 519 2410 ἡγήτορες
533 2333 621 2410 ἄνδρες
636 2330 753 2402 ἔτευξαν,

130 2421 282 2489 Καλλιόπης
299 2417 393 2499 ἀίδρεις
407 2421 452 2478 καί
468 2420 590 2484 ἀπευθέες
606 2419 780 2498 Ἡφαίστοιο,
864 2445 869 2451 ·

128 2521 194 2568 πᾶσι
208 2518 295 2589 σοφοῖς
310 2510 334 2565 τ’
350 2510 455 2586 ἀσόφως
469 2533 497 2567 τε
513 2509 613 2588 δορήῖον
630 2507 741 2584 ἔμμεναι
757 2505 844 2586 ἕδρην.

201 2679 244 2728 15.
269 2665 572 2726 ΚΩΝΣἸἈΝΤΙΝΟΤ
593 2666 670 2723 ΤΟΥ
692 2665 841 2724 ΡΟΔῙΟΥ.

249 2823 288 2876 Ee
301 2820 340 2869 τὸν
355 2820 453 2882 σταυρὸν
468 2819 494 2866 ὃν
506 2818 598 2866 ἀνέθετο
609 2818 633 2865 ἐν
645 2823 673 2880 τῇ
688 2816 774 2879 Λίνδῳ.

129 2959 324 3022 Κωνσταντῖνος
338 2955 459 3014 Ἰωάννου
472 2956 513 3025 ἠδ’
531 2954 655 3023 Εύδοκίης
671 2979 704 3030 με

125 3047 213 3104 τέκνον
227 3044 326 3120 ἔτευξεν
342 3042 502 3120 ἀγακλυτὸν,
517 3040 544 3098 δν
558 3042 649 3106 Λίνδος
664 3043 827 3123 μεγάλαυχος

126 3135 218 3207 ἤνεγκε
233 3131 360 3208 προτέρης
375 3134 462 3208 γενεῆς
477 3128 682 3206 προφερέστερον
697 3129 793 3207 ἄνδρα,

127 3223 172 3279 καί
185 3223 276 3278 πιστὸν
292 3221 438 3297 θεράποντα
455 3218 632 3296 σκηπτούχοιο
647 3219 773 3284 Λέοντος·

126 3301 148 3389 ᾧ
164 3310 327 3386 Ἀλέξανδρος
342 3307 451 3386 ἀδελφὸς
466 3307 500 3363 ἰδ’
512 3305 564 3371 υἷὀς
581 3309 776 3373 Κωνσταντῑνος

126 3401 248 3477 σκῆπτρα
263 3396 433 3472 θεοστήρικτα
450 3392 620 3469 συνεξαγέτην
636 3395 779 3473 βασιλείης,

392 3564 434 3611 lli.
455 3563 513 3606 ΤΟΥ
532 3561 636 3608 ΑΥΤΟΥ.

373 3683 409 3735 tta
420 3680 459 3728 τὸν
469 3681 538 3728 αὐτὸν
550 3681 658 3743 σταυρόν.

163 3811 248 3872 Ἅπαν
265 3812 311 3888 μέν
329 3812 403 3889 ἔργον
419 3815 446 3869 οὐ
462 3812 525 3891 πρὸς
538 3811 611 3878 ἀξίαν
626 3812 700 3871 πέλει

165 3901 211 3970 τὴν
226 3900 291 3975 σὴν,
304 3900 506 3978 ὑπερθαύμαστε
523 3900 621 3973 κόσμου
637 3900 752 3958 δεσπότι·

165 3989 248 4067 ἔργων
263 3989 313 4067 γὰρ
327 3987 375 4054 ἔξω
390 3988 434 4045 καί
447 3995 541 4066 φθορᾶς
555 3987 584 4044 τὸ
599 3988 642 4044 σὸν
657 3986 744 4052 κλέος·

165 4077 193 4135 τὸ
208 4079 230 4133 δ’
246 4076 334 4155 ἔργον,
348 4076 361 4134 ὃ
373 4076 486 4153 προσῆξέ
499 4099 539 4133 σοι
554 4075 765 4150 Κωνσταντίνος,

165 4164 268 4231 ἐπάξιον
284 4164 414 4242 πέφυκεν,
432 4168 453 4220 εἰ
466 4163 512 4233 δὴ,
527 4165 661 4239 Παρθένε,

164 4259 209 4312 τοῦ
225 4259 270 4312 σοῦ
284 4255 360 4312 τόκου
375 4253 405 4310 τὸ
419 4256 552 4330 σκῆπτρον
565 4244 593 4309 sd
606 4252 758 4331 διαγράφει,

164 4342 209 4400 καὶ
225 4343 318 4422 σαρκὸς
332 4344 410 4399 αὐτοῦ
427 4341 456 4398 τὸ
470 4340 616 4420 τρισολίιον
632 4343 722 4405 πάθος.

394 4504 432 4551 li.
452 4506 511 4548 ΤΟΥ
529 4506 633 4550 ΑΥΤΟΥ.

330 4622 365 4672 θίῖς
379 4621 420 4678 τὴν
434 4620 513 4667 εἰκόνα
524 4625 564 4676 τῆς
577 4619 703 4668 Θεοτὸκου.

166 4752 199 4809 Εἰ
213 4753 356 4829 ζωγραφεῖν
373 4773 412 4815 τις
426 4747 517 4819 ἤθελέν
531 4772 571 4819 σε,
591 4749 726 4830 Παρθένε,

165 4840 268 4914 ἄστρων
285 4840 366 4895 ἐδεῖτο
382 4840 481 4914 μᾶλλον
498 4838 555 4895 ἀντὶ
569 4838 734 4917 χρωμάτων,

163 4924 196 4981 ἵν’
209 4925 321 5004 ἐγράφης
336 4931 503 5004 φωστῆρσιν,
518 4928 553 4990 ὡς
569 4926 651 5005 φωτὸς
666 4925 749 4998 πύλη·

165 5013 221 5068 αλλ’
234 5015 282 5091 οὐχ
297 5015 397 5072 ὑπείκει
410 5021 491 5071 ταῦτα
504 5022 555 5079 τοῖς
571 5019 669 5093 βροτῶν
683 5015 779 5090 λύγοις·

165 5100 179 5156 ἀ
194 5102 216 5155 δ’
229 5092 272 5158 edu
286 5102 359 5178 φύσις
374 5103 490 5180 παρέσχε
503 5101 546 5158 καί
558 5106 659 5179 γραφῆς
673 5102 762 5178 νόμος,

164 5187 260 5252 τούτοις
276 5188 336 5265 παρ’
351 5193 426 5266 ἡμῶν
439 5193 528 5268 ἱστορῇ
544 5190 628 5248 τεκαὶ
642 5190 753 5269 γράμμ’

952 525 993 575 odi
1009 528 1207 603 netophagorum
1221 527 1332 586 dulcem,
1346 528 1563 592 patriae-oblivium
1576 528 1732 588 atterentem,

953 616 1112 678 sirenumque
1122 617 1200 667 melos
1210 616 1330 666 seducens
1342 616 1442 679 repudio
1454 616 1592 676 iuimicum3
1629 616 1732 679 [escam¹

952 703 997 753 sed
1009 703 1119 768 accipere
1132 704 1250 754 divinitus
1263 704 1498 754 animi-salvatorem
1514 705 1603 765 plorior
1616 705 1717 763 liorem,

954 793 1030 854 moly,
1042 795 1161 842 malarum
1184 794 1360 857 cogitationum
1373 793 1596 858 propugnaculum
1615 807 1733 855 auresque

953 885 1035 931 exacte
1047 882 1178 934 occludens
1191 883 1311 933 declinare
1324 883 1441 947 genialem
1452 884 1606 947 pruriginem.
1670 882 1734 946 [cera

953 971 1013 1018 llaee
1024 970 1156 1034 dicensque
1171 972 1328 1035 scribensque
1339 973 1472 1022 terminum
1484 972 1542 1022 vitre
1556 974 1686 1035 attingam!

1151 1133 1187 1176 13.
1206 1129 1412 1180 construunt
1429 1130 1538 1178 SICULI.

1219 1272 1246 1312 tn
1258 1268 1389 1315 cathedram
1399 1271 1478 1326 ipsius.

953 1414 976 1462 Si
991 1414 1090 1477 quidem
1103 1417 1189 1479 aliquis
1201 1432 1227 1467 os
1240 1418 1342 1479 doctus,
1355 1419 1474 1482 insidens3
1487 1434 1506 1471 si
1519 1435 1577 1471 uero
1587 1425 1681 1472 Musam

952 1500 1028 1565 digito
1040 1506 1146 1554 teutom-
1161 1511 1271 1556 extremo
1285 1507 1506 1570 degustasti,.......

954 1591 1036 1650 procul
1049 1594 1100 1642 stes
1114 1606 1128 1642 a
1140 1607 1179 1643 me
1190 1597 1214 1643 et
1227 1594 1283 1642 alibi
1297 1607 1381 1657 quere
1394 1595 1496 1645 sedem:

954 1677 1013 1727 sella
1031 1693 1075 1742 ego
1099 1694 1155 1729 sura
1169 1682 1249 1732 terens
1263 1683 1387 1745 sapientie
1400 1685 1525 1733 consultos
1537 1685 1608 1733 viros.

1216 1835 1253 1880 14.
1267 1834 1471 1884 THEOPHANIS.

1224 1972 1364 2028 Rescriptum
1377 1973 1405 2017 ad
1417 1974 1460 2018 illa.

952 2095 982 2143 Et
993 2094 1116 2155 quodnam
1130 2095 1224 2158 signum
1236 2098 1300 2160 geris
1314 2099 1427 2148 exirnium
1437 2138 1443 2157 ,
1455 2115 1471 2149 o
1481 2101 1709 2166 inaniter-tumens,

952 2197 996 2234 cur
1007 2186 1094 2236 doctos
1104 2200 1173 2236 ames
1184 2188 1296 2251 quidem,
1312 2190 1452 2242 illitteratos
1464 2207 1523 2242 vero
1535 2199 1667 2247 amoveas?

952 2276 1004 2322 Non
1014 2287 1100 2324 aurum
1113 2275 1190 2339 geris,
1203 2290 1250 2325 non
1266 2284 1406 2342 argentum,
1421 2294 1469 2329 uon
1481 2279 1556 2340 ebur;

952 2363 994 2412 sed
1008 2365 1034 2413 te
1047 2362 1215 2414 febrilis-artis
1227 2365 1340 2416 doctores
1352 2367 1398 2416 riri
1414 2369 1550 2425 tinxerunt.

952 2450 1072 2514 Calliopes
1082 2451 1151 2502 inscii
1164 2455 1189 2502 et
1202 2453 1276 2503 rudes
1290 2455 1405 2515 Vulcani,

951 2539 1065 2589 omnibus
1077 2540 1205 2603 doctisque
1217 2541 1369 2605 indoctisque
1383 2544 1488 2608 ligneum
1503 2546 1578 2596 ut·sis
1591 2546 1674 2597 sedile.

1149 2702 1183 2746 15.
1202 2698 1411 2749 consuturis]
1425 2699 1546 2752 Ruoutt.

1157 2840 1183 2880 lu
1194 2850 1284 2883 crucem
1295 2851 1362 2895 quarn
1372 2842 1444 2886 erexit
1455 2843 1526 2887 Lindi.

951 2961 1126 3010 Constantinus
1137 2961 1236 3010 loannis
1250 2965 1274 3011 et
1287 2962 1402 3014 Eudociar
1416 2980 1456 3016 me

951 3047 1016 3097 trtius
1029 3049 1087 3098 tecit
1099 3049 1230 3110 inclytum,
1244 3063 1317 3112 quem
1331 3051 1423 3103 Lindus
1437 3055 1540 3118 superba

951 3136 1009 3186 tulit
1021 3135 1096 3199 priori
1107 3139 1181 3184 rutulo
1195 3138 1388 3199 praestantiorem
1401 3143 1495 3201 ulrum,

950 3227 976 3272 et
988 3222 1067 3273 fidum
1081 3224 1222 3272 ministrum
1236 3226 1300 3289 regis
1315 3228 1413 3288 ticonio,

950 3311 989 3361 cui
1003 3312 1137 3362 Alexander
1152 3313 1227 3361 trater
1240 3317 1265 3363 et
1279 3314 1344 3363 tilius
1359 3318 1533 3370 Constantinus

951 3403 1048 3463 sceptra
1062 3399 1182 3449 deot‘ulta
1194 3401 1366 3453 consociarunt
1380 3405 1482 3469 imperii.

1246 3567 1282 3610 16-
1307 3574 1451 3618 truserint.

1220 3699 1245 3739 ln
1257 3696 1351 3740 eandem
1361 3706 1459 3738 crucem.

950 3834 1029 3881 Omne
1040 3831 1139 3893 quidem
1150 3845 1212 3896 opus
1224 3845 1272 3881 non
1284 3847 1329 3894 pro
1340 3831 1456 3894 dignitate
1469 3833 1506 3879 cst

949 3923 1007 3979 tna,
1019 3919 1331 3984 supra-mortum-miranda
1346 3919 1429 3968 mundi
1442 3918 1540 3968 (lomina
1554 3940 1560 3968 ι

883 4007 885 4013 “
948 4022 1024 4072 opera
1037 4009 1101 4059 enim
1115 4009 1179 4058 ultra
1191 4012 1217 4059 et
1227 4010 1298 4059 ultro
1309 4008 1491 4071 corruptionem
1505 4010 1544 4056 cst
1554 4010 1598 4058 tua
1611 4010 1694 4072 gloria.

949 4102 1017 4160 Opus
1028 4101 1111 4146 autem
1124 4096 1190 4159 quod
1202 4096 1292 4147 obtulit
1307 4097 1354 4146 ttut
1370 4095 1557 4156 Constantinus,

948 4185 1047 4248 dignum
1058 4187 1377 4248 per-suam·naturam-est‚
1385 4184 1406 4234 si
1415 4184 1522 4247 quidem,
1533 4184 1641 4249 ovirgo,

949 4273 985 4322 tui
997 4272 1041 4322 tilii
1055 4275 1180 4335 sceptrum
1193 4272 1255 4322 bene
1269 4273 1443 4335 repraesentat,
1500 4278 1504 4285 ’

948 4364 973 4410 et
987 4360 1068 4410 carnis
1081 4361 1135 4420 eius
1148 4359 1315 4409 felicissimam
1326 4359 1472 4422 passionem.

1245 4497 1281 4544 17.
1304 4504 1452 4547 musonis.

1202 4625 1226 4665 tu
1237 4623 1357 4677 imaginem
1368 4621 1478 4676 ueipara.

948 4758 973 4805 St
984 4756 1083 4821 pingere
1095 4757 1149 4820 quis
1159 4757 1234 4807 vellet
1247 4759 1288 4817 te,
1302 4755 1388 4819 Virgo,

947 4846 1054 4896 sidemm
1066 4848 1196 4908 opus-erat
1206 4843 1288 4908 potius
1299 4845 1352 4894 loco
1363 4844 1484 4906 colorum,

947 4948 996 4997 quo
1003 4933 1176 4985 describereris
1186 4932 1467 4991 astrorum-luminibus,
1477 4933 1564 4994 utpote
1574 4929 1635 4980 lucis
1645 4932 1727 4994 portur

947 5022 991 5072 sed
1005 5037 1052 5072 non
1066 5027 1154 5086 parent
1163 5023 1204 5073 itta
1216 5023 1357 5072 mortalium
1370 5020 1465 5079 verbim

945 5124 1001 5173 quse
1013 5109 1087 5174 igitur
1099 5112 1185 5159 natura
1200 5109 1366 5173 suppeditavit
1377 5111 1403 5158 et
1416 5108 1519 5171 picture
1534 5107 1586 5169 lex,

946 5195 1059 5261 per-hoc
1071 5211 1086 5245 a
1100 5197 1171 5247 nobis
1182 5196 1365 5261 representatis
1376 5198 1402 5247 et
1412 5195 1524 5261 pingens.
