3810 5910
202 450 264 510 260
759 448 1013 511 ANTHOLOGIAE
1035 452 1235 513 PALATINAE

204 580 272 655 μήτε
288 580 362 649 δίκην
378 579 506 637 δικάσειεν
521 577 586 655 ἀνὴρ
600 576 711 656 γεγονὼς
728 578 894 650 δικολέκῖηεν
1020 601 1065 639 uec
1073 589 1191 653 judicium
1203 591 1295 652 judicet
1304 592 1487 655 vitoni-tuerat
1497 598 1649 660 causidicus,

244 667 305 740 μηδ’
319 665 380 724 ὅταν
392 665 556 744 Ἰσοκράτους
571 662 772 746 ρητορικόιτερος
785 656 811 742 ᾔ
1052 678 1116 728 nesi
1129 678 1229 743 quidem
1243 682 1351 730 Isocrate
1363 681 1475 732 disertior
1487 684 1528 733 sit.

170 768 182 802 l
205 756 266 819 Πῶς
280 753 330 833 γὰρ
344 758 358 811 ὁ
374 760 523 831 μισθαρνεῖν
537 753 679 827 εἰθισμένος
692 751 764 812 οὐδὲν
775 752 880 833 ἑταίρας
1021 765 1150 824 Quomodo
1165 767 1230 816 enim
1244 768 1517 833 mercede-quiserrire
1532 773 1661 825 consuevit
1670 775 1803 828 meratrioe

243 840 406 921 σεμνότερον,
418 842 521 902 δικάσαι
535 840 572 916 μὴ
588 843 709 919 ῥυπαρῶς
723 841 845 912 deirorum
1052 852 1194 914 honestius,
1206 853 1315 917 judicare
1329 870 1376 905 non
1388 858 1485 909 sordide
1499 863 1598 923 potest?
1692 863 1698 879 ⁴
1715 862 1804 928 [uitulo

466 989 508 1037 ts.
530 991 588 1034 rur
606 990 712 1039 arton.
1303 992 1342 1037 til.
1372 1001 1519 1041 rsusnnu.

206 1118 259 1174 Καὶ
271 1114 389 1194 μόρμηκι
402 1113 485 1194 χολὴν
499 1114 545 1172 καὶ
562 1115 648 1194 σέρφῳ
662 1115 740 1196 φασὶν
753 1115 857 1174 ἐνεῖναι·
1024 1119 1055 1166 st
1069 1117 1177 1168 rormrcae
1189 1119 1262 1171 bilem
1271 1124 1297 1171 ct
1307 1120 1380 1171 culici
1392 1121 1478 1173 dicunt
1488 1123 1585 1174 inesse:

245 1193 300 1259 ciro
314 1200 397 1281 χολὴν
413 1202 460 1276 μὲν
475 1203 529 1280 ἔχει
545 1205 600 1282 ζῷα
614 1202 646 1260 ed
661 1202 829 1281 φαυλότατα,
1052 1204 1089 1256 ila
1102 1205 1175 1257 bilem
1186 1208 1286 1270 quidem
1299 1209 1391 1260 habent
1403 1211 1544 1262 animalium
1558 1212 1675 1264 vilissima
1688 1227 1804 1278 querque,

205 1292 336 1347 ἐκκεῖσθαι
351 1293 374 1348 δ’
388 1289 434 1365 ἔμέ
447 1300 512 1348 πᾶσι
524 1292 605 1369 Ιχολὴν
619 1290 656 1367 μὴ
671 1291 765 1369 ἔχοντα
776 1292 904 1362 κελεύεις,
1024 1306 1065 1344 ¹¹¹0
1078 1308 1137 1346 vero
1151 1297 1357 1359 expositumesse
1363 1299 1459 1350 eunetis
1466 1299 1598 1362 iniuriosis
1609 1300 1665 1352 bilis
1676 1306 1806 1365 expertem

242 1380 277 1444 ὡς
290 1380 355 1453 μηδὲ
370 1381 454 1460 ψιλοῖς
468 1379 581 1457 ῥήμασιν
598 1381 743 1437 ἀνταδικεῐν
1054 1384 1084 1432 ut
1096 1396 1128 1433 ne
1140 1382 1212 1433 nudis
1222 1385 1321 1446 quidem
1330 1385 1412 1437 verbis
1425 1389 1615 1438 rursus-ladam
1709 1389 1805 1452 Habes,

203 1461 262 1530 τοὺς
276 1466 358 1545 ἔργοις
371 1470 540 1539 ἀδικοῦντας
556 1466 751 1547 Ἀποφρσίξαντα
766 1468 852 1539 δεήσει
1024 1469 1123 1533 eos-qui
1137 1471 1208 1522 lactis
1218 1471 1326 1522 laedunt?
1336 1474 1470 1526 occludere
1483 1490 1526 1526 me
1536 1475 1658 1541 oportebit

244 1555 333 1613 λοιπὸν
347 1556 489 1635 ὁλοσχοίνῳ
502 1557 532 1615 τὸ
546 1557 645 1632 στόμα,
660 1555 726 1632 μηδὲ
741 1557 835 1616 πνέειν.
1056 1558 1170 1624 deinceps
1182 1574 1211 1610 os
1221 1563 1479 1625 jocco-holoschn’no,
1493 1569 1519 1616 et
1530 1580 1560 1616 ne
1572 1566 1664 1630 spirare
1675 1566 1786 1631 quidem.

469 1704 513 1753 50.
534 1705 593 1749 ΤΟΥ
609 1705 715 1751 attor.
1308 1724 1347 1767 50.
1370 1728 1520 1771 EIUSDEM.

206 1831 264 1903 Τὴν
278 1832 380 1910 Κίρκην
395 1831 425 1890 οὔ
442 1855 525 1912 φημι,
543 1832 627 1898 καθὼς
642 1831 744 1910 εἴρηκεν
757 1827 895 1910 Ὅμηρος,
1026 1848 1111 1898 circen
1123 1861 1198 1910 nego,
1208 1848 1280 1898 sicuti
1289 1848 1349 1898 dixit
1358 1852 1495 1909 llomerus,

245 1922 300 1977 ἀντ’
316 1923 415 1999 ἀνδρῶν
430 1929 512 1978 ποιεῖν
526 1919 543 1990 ἢ
559 1920 621 1986 σύας
636 1919 667 1989 ἠὲ
681 1918 774 1986 λύκους
1056 1944 1088 1981 ex
1100 1931 1161 1981 rixis
1173 1932 1260 1982 iecisse
1275 1937 1318 1981 aut
1330 1946 1389 1983 sues
1402 1937 1447 1984 aut
1456 1933 1527 1997 lupos

204 2006 262 2073 τοὺς
276 2009 343 2086 αὐτῇ
356 2006 522 2088 προσιόντας·
536 2007 626 2086 ἑταίρα
643 2008 666 2064 δ’
679 1997 743 2064 οὖσα
755 2011 910 2085 πανοῦργος,
1026 2020 1125 2084 eos-qui
1138 2020 1169 2070 ad
1190 2034 1216 2070 se
1234 2021 1396 2082 accedebant3
1416 2023 1531 2073 meretrix
1551 2028 1635 2074 autem
1654 2031 1811 2088 quum-esset

244 2096 303 2163 τοὺς
315 2096 496 2163 δελεασθέντας
510 2097 693 2177 πτωχοτοίτους
707 2097 803 2155 ἐποίει·
1056 2108 1118 2172 quos
1133 2109 1265 2169 inescaret,
1275 2110 1443 2173 egentissimos
1455 2110 1584 2173 reddebat3
1717 2112 1809 2178 [vaira

207 2189 256 2243 τῶν
271 2188 294 2243 δ’
308 2186 473 2266 ἀνθρωπείων
487 2188 679 2257 όποσυλήσασα
694 2187 835 2262 λογισμῶν,
1028 2197 1183 2260 humanaque
1194 2211 1237 2247 eos
1248 2198 1447 2259 quum-orbasset
1458 2199 1566 2254 ratione.

246 2263 292 2332 εἶτ’
307 2274 360 2332 ἀπὸ
375 2278 427 2332 τῶν
442 2273 513 2333 ἰδίων
529 2274 610 2353 μηδὲν
625 2274 732 2352 ἔχοντας
746 2271 785 2330 ἔτι
1057 2283 1146 2335 deinde
1159 2296 1186 2334 ex
1198 2284 1303 2347 propriis
1314 2284 1373 2332 nibil
1384 2286 1517 2336 retinentes
1528 2287 1633 2350 amplius

205 2363 309 2442 ἔτρεφεν
324 2363 396 2421 ἔνδον
409 2363 505 2442 ἔχουσα
517 2363 591 2434 δίκην
603 2361 676 2439 ζῴοιν
690 2359 844 2436 ἀλογίστων.
1028 2371 1152 2433 nutribat,
1166 2370 1232 2420 domi
1246 2371 1350 2429 itabens.
1365 2386 1433 2422 more
1446 2373 1586 2424 animalium
1596 2374 1810 2428 irrationabilium.

244 2447 375 2531 Ἐμφρων
389 2451 412 2508 δ’
422 2447 458 2507 ὢν
470 2449 607 2526 Ὀδυσεὺς,
619 2448 666 2519 τὴν
681 2448 790 2518 νεότητα
805 2445 902 2527 φυγὼν,
1058 2460 1168 2510 Prudens
1177 2464 1261 2509 autem
1274 2474 1358 2522 quum·
1364 2464 1430 2511 esset
1441 2463 1555 2524 Ulysscs,
1565 2464 1683 2526 juvenilis
1694 2465 1793 2527 vitans,

206 2542 254 2618 οὐχ
266 2538 384 2617 Ἑρμοῦ,
400 2539 500 2618 φύσεως
516 2541 537 2596 δ’
550 2538 616 2604 ἰδίας
630 2537 746 2615 ἐμφύντα
760 2535 883 2612 λογισμὸν
1028 2560 1075 2597 non
1088 2547 1210 2606 Mercurii,
1224 2547 1267 2598 sed
1280 2548 1384 2610 propriso
1396 2552 1490 2598 notura
1499 2549 1597 2599 insitam
1610 2550 1731 2601 rationem

155 2654 164 2692 t
245 2619 300 2708 εἶχε
312 2629 432 2706 γοητείας
448 2628 585 2708 φάρμακον
598 2626 750 2685 ἀντίπαλον.
1059 2635 1146 2685 lisliuit
1156 2635 1275 2685 repeticio
1289 2634 1420 2684 adversum
1434 2636 1579 2687 remedium.

473 2774 517 2824 st.
538 2775 597 2819 rur
615 2775 720 2820 trior.
1317 2791 1356 2834 st.
1383 2796 1521 2837 inerunt.

208 2901 241 2961 ‘0
255 2901 343 2981 φθόνος
356 2903 506 2980 οἰκτιρμοῦ,
521 2901 588 2959 κατδι
603 2901 743 2980 Πίνδαρον,
756 2898 825 2956 ἔστὶν
840 2897 961 2973 ἀμείνων·
1028 2913 1123 2964 midja
1138 2913 1476 2980 quamiiiisorioordiaJuxta
1486 2912 1626 2976 Pindarum,
1636 2917 1676 2965 est
1688 2914 1794 2965 melior:

247 2993 271 3047 ol
287 2990 487 3065 βασκαινόμτνοι
505 2990 627 3069 λαμπρὸν
639 2988 729 3067 ἔχουσι
746 2988 809 3065 βίον·
1059 3001 1812 3066 iniquibusinridetursplendidamdeguntritnm3[aliquissim
1885 3018 1889 3023 ’

206 3077 264 3142 τοὺς
279 3077 306 3137 δὲ
321 3078 378 3136 λίαν
391 3079 496 3156 ἀτυχεῖς
509 3081 681 3155 οἰκτείρομεν·
724 3076 801 3134 Ἀλλά
817 3098 854 3142 τις
869 3075 924 3147 εἴην
1029 3104 1114 3142 sorum
1126 3095 1207 3142 autem
1218 3090 1308 3154 quibus
1317 3090 1469 3154 pessimeest
1478 3089 1640 3140 nosmiseret.
1653 3090 1703 3140 Sed
1715 3090 1811 3141 utinam

249 3167 311 3244 μήτ’
324 3168 389 3244 ἄγαν
404 3165 544 3237 εὐδαίμων,
557 3167 619 3240 μήτ’
631 3163 739 3230 ἔλεεινδς
752 3165 812 3240 ἐγώ.
1059 3192 1138 3243 neque
1151 3180 1224 3229 nimis
1236 3179 1291 3229 lelix
1301 3217 1307 3240 ‚
1318 3177 1518 3228 neemiserabilis
1526 3191 1579 3241 ego.
1712 3179 1812 3243 [natura

208 3254 241 3315 ἹΙ
261 3255 374 3330 μεσότης
388 3254 439 3331 γὰρ
452 3252 567 3332 ἄριστον,
580 3254 636 3312 ἐπεὶ
647 3252 679 3310 τὰ
694 3251 741 3325 μὲν
753 3251 820 3330 ἄκρα
832 3251 945 3331 πέφυκεν
1030 3266 1186 3318 Mediocritas
1199 3267 1263 3317 enim
1278 3266 1412 3330 optimum,
1426 3265 1493 3329 quod
1505 3279 1602 3315 summa
1614 3265 1714 3329 quidem
1725 3271 1813 3331 suapte

247 3341 377 3408 κινδύνους
390 3341 508 3421 ἐπάγειν,
520 3342 619 3422 ἔσγατα
634 3342 657 3398 δ’
673 3339 746 3419 θόρεν
759 3340 825 3419 ἔχει.
1059 3355 1167 3418 pericula
1180 3355 1322 3414 adducunt,
1337 3354 1420 3403 intima
1434 3367 1493 3403 vero
1506 3353 1678 3405 contumeliam
1689 3352 1793 3433 babent.

473 3487 517 3536 52.
536 3489 596 3534 Tor
614 3488 720 3535 trior.
1314 3501 1352 3543 52.
1375 3503 1528 3544 rrusnsu.

211 3617 277 3700 Εὖγε
289 3625 384 3701 λέγων,
395 3624 438 3682 τὸν
456 3622 552 3701 Καιρὸν
566 3625 628 3702 ἔφης
644 3625 707 3688 θεὸν,
721 3612 796 3695 εὖγε,
813 3621 964 3700 Μένανδρε,
1031 3633 1150 3689 Praeclare
1168 3632 1281 3696 loquens,
1297 3631 1454 3683 Occasionem
1468 3629 1552 3680 dixisti
1571 3629 1657 3689 deam,
1677 3629 1813 3694 praetem,

249 3718 283 3779 ὡς
298 3712 364 3793 ἀνὴρ
378 3715 494 3772 Μουσῶν
506 3711 552 3769 καὶ
567 3711 689 3788 Χαρίτων
703 3711 839 3790 τρόφιμος·
1062 3725 1090 3771 ut
1103 3721 1141 3771 vir
1152 3724 1277 3770 Musarum
1289 3724 1315 3771 ct
1325 3720 1463 3769 Gratiarum
1479 3719 1593 3769 alumnus
1608 3734 1615 3766 ε
1656 3715 1811 3781 [blenander,

209 3803 323 3860 πολλάκι
337 3801 388 3880 γδρ
403 3806 448 3858 τοῦ
463 3802 561 3879 σφόδρα
577 3801 776 3876 μεριμνηθέντος
791 3799 895 3874 ἄμεινον
1030 3824 1094 3874 saepe
1107 3810 1171 3860 enim
1184 3809 1284 3860 oonsilio
1298 3806 1369 3858 valde
1383 3808 1487 3872 cogitatu
1502 3807 1591 3856 melius
1602 3805 1666 3870 quid

250 3889 395 3966 προσπεσὸν
411 3889 536 3968 εὐκαίροις
550 3879 608 3968 εὗρέ
623 3912 647 3945 τι
659 3886 831 3964 ταύτόματον,
1060 3900 1170 3950 incidens
1182 3901 1318 3962 opportune
1328 3897 1422 3947 invenit
1435 3909 1515 3947 oneris.

211 4059 257 4119 Qui
272 4075 351 4106 curuos
363 4059 435 4113 dixit,
448 4074 528 4106 carues
542 4074 571 4105 ue
580 4057 670 4120 judicet
685 4073 806 4121 uuquam,
1064 4052 1171 4101 Tradidit
1183 4050 1207 4098 in
1221 4051 1336 4114 magicum
1349 4047 1395 4096 lida
1410 4046 1559 4095 veneficium.

245 4140 345 4204 Eloquio
357 4139 464 4204 quamuis
474 4140 505 4188 sit
518 4140 584 4205 prior
597 4143 709 4188 Isocrate.

212 4225 272 4271 Nam
284 4222 367 4271 solitus
381 4238 461 4271 cnusas
473 4221 550 4271 venali
560 4221 639 4270 dicere
648 4220 742 4284 lingua,

245 4310 299 4357 Non
312 4307 459 4372 etjudicinm
473 4307 575 4354 rendere
588 4321 635 4353 non
648 4305 745 4370 poterit.
1032 4304 1141 4354 inrideas
1153 4303 1231 4369 potius
1245 4317 1316 4367 quom
1327 4301 1372 4349 sim
1383 4299 1537 4357 miserabilis,
1547 4297 1625 4363 iuquit

1065 4387 1180 4436 Pindarus
1194 4384 1330 4434 :excellunt
1343 4399 1401 4447 quos
1415 4382 1475 4448 petit
1486 4380 1584 4430 invidia.

1033 4469 1133 4518 Pessima
1145 4484 1266 4533 perpessos
1275 4465 1466 4515 miserescimus:
1479 4473 1515 4512 ast
1526 4478 1569 4526 ego
1584 4461 1639 4510 ielis

212 4571 258 4634 Qui
275 4571 364 4619 iucrmrt
382 4568 505 4630 immines,
515 4569 573 4616 milri
587 4586 634 4616 uon
648 4567 773 4634 pcrsrrsrlet
789 4570 922 4623 Homerus,
1066 4555 1115 4601 Nec
1127 4549 1244 4611 nimium,
1257 4548 1357 4596 nimium
1369 4563 1413 4594 ¹¹0⁰
1427 4562 1499 4594 muer
1512 4561 1561 4593 0⁸³0
1574 4543 1654 4591 l'thm-

1032 4634 1128 4698 Optima
1142 4648 1178 4679 res
1192 4631 1275 4679 modus
1285 4639 1328 4677 est.
1363 4627 1465 4677 Summis
1474 4626 1544 4675 affine
1553 4623 1668 4690 periclum

1064 4715 1148 4762 lnirrna
1160 4720 1307 4761 contemtum
1320 4710 1497 4773 ludibriumque
1508 4707 1597 4756 ierunt.

1333 4170 1373 4216 51.
1394 4183 1511 4214 musnet.

509 4443 549 4492 50.
568 4457 688 4491 srrrsnrm.

246 4654 339 4702 Circruis
350 4653 423 4701 iactos
432 4651 523 4700 artibus
534 4670 585 4700 csse
598 4654 678 4715 lupos,

212 4735 358 4800 setigerosre
369 4752 429 4783 sues.
464 4735 581 4783 Meretrix
591 4734 630 4783 scd
643 4732 706 4780 caira
720 4730 806 4780 dolosis

246 4822 332 4884 Captos
344 4816 461 4866 illecebris
474 4816 530 4865 iecit
539 4831 607 4879 egere
618 4817 689 4863 ciros.

212 4902 286 4966 Queis
294 4901 365 4949 simul
374 4898 484 4948 humanos
493 4898 591 4947 rationis
600 4898 721 4945 nclcruerat
733 4913 799 4946 usum
805 4932 813 4957 ,

245 4983 362 5032 Omnibus
373 4992 471 5040 exutos,
488 4998 540 5045 quau
554 4989 668 5040 tcuncrc,
684 4979 766 5038 bonis,
1031 4983 1084 5028 Esse
1096 4979 1166 5027 deum
1181 4987 1272 5041 tempus
1281 4975 1375 5030 dixisti,
1390 4974 1459 5022 docte
1470 4970 1613 5029 Menander,

213 5071 279 5113 lutra
293 5075 358 5128 septa
373 5064 469 5120 domus,
484 5063 599 5127 pecudum
616 5062 682 5110 velut
696 5076 793 5124 agmen,
807 5061 835 5105 ol.
861 5070 893 5108 nt.
1064 5065 1115 5108 Hoc
1127 5069 1184 5124 puto
1199 5058 1320 5106 dictarunt
1331 5061 1400 5105 Musa
1412 5059 1539 5118 Venusque
1551 5050 1603 5100 tilii.

244 5150 300 5197 Nou
312 5144 388 5195 Ithaci
400 5145 453 5194 talis
467 5153 563 5210 pectore
575 5145 634 5193 seno
649 5160 731 5202 attunt
1029 5149 1094 5211 Saepe
1107 5142 1195 5192 etenim
1205 5140 1294 5206 reperit
1306 5139 1402 5187 reniens
1411 5137 1436 5186 in
1446 5146 1553 5201 tempore
1562 5147 1628 5182 casus

212 5234 254 5280 tlrri
269 5249 311 5297 pro
325 5232 444 5279 lllcrcurio
456 5247 496 5278 sun
510 5246 575 5278 mens
590 5230 717 5295 prrrdentia
731 5244 798 5277 scissa
1064 5227 1183 5274 Auxilium
1196 5223 1294 5285 irretiris,
1305 5236 1375 5286 quam
1390 5220 1447 5267 dare
1462 5233 1520 5267 eura
1532 5224 1617 5281 potest.

1327 4854 1367 4900 52.
1388 4865 1507 4898 sonsum«.
