3810 5910
523 381 648 444 CAPUT
668 383 718 443 lX.
741 382 1022 445 EPIGRAMMATA
1040 385 1374 453 DEMONSTRATIVA.

427 519 487 570 207.
507 523 647 570 ΔΔΗΔΟΝ.

149 646 236 715 Μῆτιν
250 644 420 717 Ἐπικτήτσιο
435 651 487 728 τεῷ
500 649 632 708 ἐνικάτθεο
647 653 739 729 θυμῷ,

146 731 213 812 ὄφρα
228 755 273 791 κεν
289 732 442 813 εἰσαφίκηαι
456 737 483 801 ές
497 735 631 814 οὐρανίους
644 741 780 811 κενεῶνας,

147 821 234 900 ψυχήν
248 822 412 901 clebrem
424 824 566 904 ἔλσφρίζων
581 825 634 883 ἀπὸ
648 827 732 903 γαίης.

450 969 511 1021 208.
532 972 628 1022 ᾸΔΔΟ.

146 1095 196 1160 Ὃς
208 1121 254 1155 κεν
269 1097 440 1168 Ἑπικτήτοιο
454 1099 536 1180 σοφήν
549 1103 663 1161 τελέσειε
679 1101 808 1180 μενοινήν,

146 1186 274 1259 μειδιάει,
288 1184 384 1262 βιότοιο
399 1189 544 1267 γαληνιύων
557 1189 595 1247 ἐνὶ
607 1189 710 1272 πόντῳ,

145 1274 189 1331 καὶ
206 1275 274 1349 μετὰ
288 1276 422 1349 ναυτιλίην
438 1277 571 1354 βιοτήσιον
587 1280 749 1360 εἰσαφικάνει

144 1362 268 1440 οὐρανίην
278 1367 360 1448 ἁψῖδα
371 1367 416 1424 καί
429 1367 552 1444 ἀστερίην
566 1369 713 1445 περιωπήν.

421 1520 482 1572 209.
503 1518 643 1569 ΑΔΗΔΟΝ.

345 1636 401 1688 'And
409 1637 500 1694 licerer]
514 1651 572 1698 προς
583 1636 713 1699 στρουθίον.

143 1767 231 1829 Time
245 1767 412 1843 μετοκλάζεις
427 1763 574 1838 πωτωμένη
587 1762 645 1831 ὄζον
659 1761 704 1821 ἀπ’
718 1763 793 1838 item

145 1867 205 1917 τοῖα
219 1856 266 1916 καὶ
279 1856 348 1930 άλλη
363 1853 450 1933 ἔρεξε,
464 1853 509 1912 καὶ
526 1855 555 1910 ού
569 1851 648 1932 φύγεν
661 1852 798 1932 ἰξοφορῆοις

142 1946 286 2026 ἡμετέρους
295 1944 421 2016 δόνακας,
433 1941 494 2021 περὶ
506 1941 533 1999 δέ
546 1939 631 2019 πτερά
643 1939 731 1999 πυκνά
747 1943 865 2021 βαλοῦσα

142 2037 221 2107 ἤλυθε
234 2034 395 2114 τεχνήεντσ,
412 2029 458 2089 καὶ
472 2032 518 2089 οὐκ
528 2029 671 2105 ἐθέλουσα,
683 2028 748 2108 πρὸς
758 2029 851 2111 ἄνδρα..

392 2178 455 2227 210.
476 2177 674 2223 ΑΔΕΣΠΟΤΟΝ.

323 2281 364 2336 Et<
379 2278 459 2341 βίύλον
469 2280 595 2328 resecem
609 2273 740 2338 Ὀρθικίου.

140 2407 241 2481 &ignei
255 2429 298 2482 μοι
316 2406 449 2482 κρατερῶν
463 2399 590 2476 καμάτων
605 2399 737 2477 ἐγκύμονα
752 2398 857 2478 βίύλον,

139 2498 172 2568 ἣν
184 2495 267 2574 πάρος
278 2493 409 2571 Ἁδριανὸς
424 2489 471 2565 pir
488 2486 551 2556 άνοιξ
565 2488 624 2567 ἔχεν
640 2489 667 2544 ἐν
681 2488 833 2562 πολέμοισι,

139 2584 222 2665 κρύψε
239 2582 261 2640 δ’
276 2579 369 2659 ἀεργίη
381 2580 474 2660 χρόνον
491 2577 605 2634 ἄσπετον
622 2573 710 2652 ἐγγύθι
722 2574 814 2646 λήθης.

141 2672 210 2731 Ἀλλ’
227 2669 278 2728 ὑπὸ
290 2669 485 2747 καρτερόχειρος
500 2663 670 2721 Ἀναστασίου
686 2665 810 2742 βασιλῆος

139 2759 236 2830 ήλυθεν
250 2759 275 2823 ές
289 2756 353 2836 φάος
368 2746 440 2820 αὖθις
449 2799 456 2825 ,
466 2750 510 2810 ἵνα
526 2754 680 2831 στρατιῇσιν
695 2749 793 2828 ἀρήξω.

138 2836 209 2906 Οἶδα
221 2844 274 2922 γάρ
286 2841 441 2923 ἀνδροφόνου
455 2839 589 2916 καμάτους
601 2838 728 2914 πολέμοιο
741 2838 881 2898 διδάσκειν·

138 2925 196 2992 οἶδα
209 2934 237 2991 δὲ
252 2934 307 2997 πῶς
323 2933 379 3006 μετ’
393 2932 465 3005 ἐμεῖο
480 2928 524 2986 καί
540 2927 660 3004 ἑσπερίης
671 2926 733 2992 ἁλὸς
744 2926 839 3004 ἄνδρας

138 3020 184 3078 καί
200 3019 307 3096 Πέρσας
318 3016 417 3082 θλέσεις
423 3059 432 3086 ,
444 3015 488 3073 καὶ
503 3014 656 3091 αἰνομόρους
670 3016 860 3093 Σαρακηνυθς,

137 3109 184 3165 καὶ
197 3107 257 3165 θοὸν
270 3105 459 3164 ἱπποκελευθυν
475 3099 638 3180 σἰρειμανέων
652 3100 727 3177 γένος
742 3100 859 3173 Ούννων,

97 3227 103 3252 ι
137 3195 259 3274 πετράων
271 3193 294 3251 τ’
308 3192 449 3274 ἐφύπερθεν
459 3190 653 3259 άλυσκάζοντοις
664 3189 809 3271 Ἰσαύρους.

140 3285 234 3345 Πάντα
246 3284 269 3342 δ’
281 3280 332 3341 ὑπὸ
345 3280 515 3359 σκήπτροισιν
531 3277 711 3336 Ἀναστασίαιο
726 3279 857 3351 τελέσσω,

136 3374 164 3433 δν
180 3373 225 3431 καὶ
240 3370 385 3446 Τραῖανοῖο
399 3367 544 3446 φαάντερον
555 3363 655 3442 ἤγαγεν
665 3366 730 3437 ήάις.
758 3381 761 3387 ’

420 3509 481 3559 211.
502 3509 643 3556 menon.

137 3641 261 3713 Παιήων,
278 3639 394 3716 Χείρων,
408 3635 579 3708 Ἀσκληπιὸς,
593 3634 771 3714 Ἱπποκράτης
785 3657 822 3695 τε·

134 3741 188 3798 τοῖς
202 3730 225 3789 δ’
240 3729 285 3789 lm
299 3728 443 3805 Νίκανδρος
456 3727 662 3805 προφερέστερον
677 3723 788 3804 ἴλλαχεν
804 3717 889 3806 εὖχος.

434 3910 491 3956 uop.
511 3910 620 3944 rrornrr.

367 3999 403 4044 De
416 3991 554 4043 Erreirirr'dio
569 3994 679 4061 Epicteti.

134 4096 227 4145 lrnbibe
240 4092 342 4159 Epicteti
352 4093 464 4156 sapiends
477 4097 574 4156 pectore
587 4107 670 4148 cums,

136 4183 168 4227 Ul
178 4177 232 4227 seli
244 4176 323 4223 valeas
332 4172 479 4222 flammantia
490 4172 603 4221 scindere
615 4182 693 4231 tecte,

139 4261 264 4311 iublimem
277 4255 395 4304 adtollens
409 4254 515 4302 animum
526 4263 649 4318 terresque
660 4256 804 4319 relinquens¹

444 4363 501 4413 αυθ.
521 4379 605 4411 seron.

450 4466 484 4509 De
500 4459 590 4510 rodem.

130 4563 245 4629 Quisquis
257 4559 363 4627 Epicteti
374 4560 443 4609 docte
457 4577 482 4608 se
498 4560 587 4625 proluit
599 4569 664 4617 erte,

131 4647 201 4695 Ridet
211 4655 237 4694 et
250 4645 277 4694 in
290 4642 369 4691 medie
385 4642 513 4707 tranquille
526 4641 573 4706 egit
587 4641 636 4689 otia
646 4649 738 4706 ponto:

130 4731 188 4776 Mox
200 4726 242 4775 ubi
248 4723 337 4790 jactari
347 4733 444 4773 ventosa
458 4739 500 4790 per
512 4737 608 4788 equora
622 4722 678 4770 vitre

130 4811 221 4871 Desiit,
233 4809 264 4858 ed
275 4822 374 4874 superes
384 4807 450 4856 sedes
461 4817 484 4856 et
493 4806 570 4855 sidera
583 4805 667 4856 lertur.

340 4935 398 4967 210.
414 4932 525 4978 0111011,
536 4934 568 4964 11
582 4933 702 4970 COMULM

128 5025 152 5068 ιἰι
167 5019 281 5067 bonorem
292 5013 348 5064 iibri
359 5013 390 5064 de
401 5013 539 5064 ordinanda
551 5017 616 5073 oeie,
634 5012 700 5082 quod
708 5031 802 5062 carmen
823 5011 915 5067 Μαῖα,

330 5113 375 5144 nro
387 5101 523 5167 Imperator
535 5096 592 5146 oiim
604 5096 708 5163 fecerat.

130 5201 260 5266 armigeris
275 5199 359 5251 lerum
374 5199 499 5248 sudoribus
510 5199 592 5264 accipe
606 5197 710 5257 librum,

1252 543 1306 590 2⁰7.
1332 553 1472 596 Incenrr.

972 660 1080 712 Mentem
1092 663 1198 728 Epicteti
1207 669 1251 717 tuo
1265 667 1399 732 depone-in
1408 669 1505 727 animo,

971 751 1000 798 ut
1013 748 1090 801 intres
1100 751 1124 802 in
1140 753 1250 805 emostis
1262 755 1349 820 spotia,

972 837 1078 890 animem
1091 840 1221 894 sublimem
1232 844 1349 896 extollens
1366 847 1466 896 stent

1263 991 1318 1037 208.
1345 995 1449 1039 suun.

972 1121 1021 1180 Qui
1033 1121 1138 1186 Epicteti
1147 1122 1246 1172 docum
1260 1123 1405 1186 exsequitur
1416 1123 1603 1187 cogitationem,

972 1211 1093 1271 subridet,
1109 1208 1168 1261 rite
1177 1222 1280 1260 screnus
1292 1209 1319 1259 in
1329 1209 1400 1271 meri,

971 1303 997 1349 et
1008 1303 1065 1363 post
1072 1298 1250 1363 nevigstioncm
1259 1298 1360 1349 vitalem
1372 1299 1482 1362 pervenit

972 1388 1002 1437 ed
1013 1389 1112 1437 coeieste
1129 1387 1226 1437 culmen
1240 1389 1265 1437 et
1276 1385 1410 1438 osherem
1425 1387 1558 1451 speculem.

1250 1543 1304 1589 209.
1330 1547 1471 1590 recreer.

1131 1655 1162 1699 Εε
1174 1664 1271 1710 persone
1279 1650 1373 1708 aucupe
1385 1652 1413 1697 ed
1423 1652 1589 1709 passerculum.

970 1775 1149 1841 Quid-tandem
1161 1773 1259 1825 desides
1272 1773 1356 1824 volens
1368 1773 1503 1829 in·remnm
1516 1786 1530 1823 e
1541 1779 1627 1823 ramo?

970 1865 1019 1915 tnle
1029 1865 1055 1913 et
1070 1862 1115 1912 elie
1128 1863 1183 1912 ocis
1202 1861 1275 1922 tecit,
1287 1863 1314 1911 et
1327 1873 1376 1910 nen
1391 1860 1453 1923 legit
1469 1860 1580 1910 viscosae

970 1955 1066 2002 nostras
1079 1950 1224 2011 amndines,
1236 1949 1281 1999 sed
1294 1949 1502 2012 circumstrepens
1515 1949 1601 2000 crebro
1615 1949 1660 2000 ulis

970 2036 1038 2085 venit
1051 2034 1217 2099 ingeniosum,
1232 2033 1271 2083 vel
1285 2046 1335 2083 non
1349 2033 1434 2083 rolens
1443 2071 1449 2094 ,
1459 2032 1492 2082 sd
1507 2033 1600 2083 virum.

1243 2191 1297 2235 210.
1322 2193 1479 2236 Anemuri.

1183 2299 1209 2344 ln
1218 2298 1302 2342 librum
1313 2297 1456 2345 rmummm
1464 2295 1558 2343 ernlolt

968 2413 1056 2478 Aspice
1064 2413 1125 2464 mibi
1135 2413 1225 2465 calidis
1236 2413 1361 2464 laboribus
1375 2413 1465 2463 loetum
1477 2413 1576 2474 librum,

968 2513 1042 2563 quem
1055 2499 1123 2564 prius
1135 2502 1274 2551 Hadrianus
1287 2499 1389 2567 quidem
1400 2512 1444 2551 rex
1458 2499 1565 2554 habebnt
1573 2501 1597 2551 in
1615 2503 1716 2566 preliis,

945 2603 949 2649 p
969 2587 1064 2639 abdidit
1077 2602 1137 2639 vcro
1151 2589 1264 2654 segnities
1274 2603 1325 2652 per
1341 2592 1441 2652 tempus
1450 2587 1575 2639 inlinitum
1586 2589 1697 2654 proxime
1707 2593 1751 2644 ub·

944 2672 946 2677 '
968 2679 1060 2727 Verum
1073 2677 1120 2727 sub
1133 2679 1315 2741 potente-manu
1328 2676 1457 2726 Anastasio
1469 2689 1526 2740 rege
1604 2677 1737 2742 [lirionem

966 2764 1045 2828 prodii
1057 2765 1082 2814 in
1092 2765 1171 2815 lucem
1188 2778 1290 2826 rursus,
1303 2767 1331 2814 ut
1346 2764 1495 2814 exercitibus
1506 2765 1606 2828 prosim.

966 2854 1027 2903 Novi
1038 2853 1104 2904 enim
1117 2851 1247 2903 homicide
1256 2852 1352 2904 labores
1366 2852 1424 2902 belli
1436 2852 1540 2914 docere,

966 2943 1023 2992 neri
1037 2941 1111 2993 etiem
1128 2940 1359 3006 quomodemecum
1374 2944 1401 2992 et
1410 2941 1523 3005 Hesperii
1535 2943 1612 2992 meris
1626 2941 1692 2994 vires

964 3034 989 3080 ct
1006 3035 1093 3080 Perses
1103 3028 1297 3094 perditurus-sis,
1315 3032 1341 3079 et
1354 3028 1458 3080 miseros
1469 3032 1612 3092 sarecenos,
1629 3026 1631 3030 ⁴

964 3124 989 3169 et
1002 3119 1113 3183 rapidam
1131 3118 1308 3182 equisvectem
1322 3118 1545 3169 belloluriosorum
1565 3123 1663 3184 gentem
1680 3125 1742 3172 liure

964 3213 990 3260 et
1001 3209 1157 3273 scopulorum
1169 3208 1305 3258 in-snmmo
1320 3211 1345 3258 le
1358 3208 1480 3258 evitantes
1499 3211 1604 3260 lsnums.
1632 3209 1742 3274 [norum.

964 3299 1058 3347 (iuncte
1068 3299 1152 3348 eutem
1166 3296 1212 3347 sub
1225 3296 1356 3360 imperium
1369 3296 1492 3346 Anestesii
1502 3296 1620 3362 redigam,

963 3399 1036 3449 quem
1050 3389 1076 3436 et
1087 3386 1190 3449 Trojano
1201 3384 1360 3435 illustriorem
1372 3384 1431 3434 tulit
1444 3397 1544 3436 eurora.

1239 3527 1294 3572 211.
1323 3526 1464 3568 lncenrr.

962 3649 1050 3708 Peon,
1068 3643 1174 3706 Chiron,
1189 3642 1358 3708 AEsculepius,
1374 3645 1605 3710 Hippoemtesque:

961 3739 1017 3799 pnst
1028 3733 1074 3784 bos
1082 3732 1203 3783 Nicander
1216 3732 1410 3797 praestantiorem
1421 3733 1577 3785 sortitus-est
1589 3736 1695 3788 laudem.

936 3904 943 4021 γ
964 3901 1042 3961 Quem
1053 3897 1120 3962 prius
1131 3894 1236 3944 inbellis
1248 3894 1358 3961 princeps
1369 3894 1488 3944 Adrianus
1500 3895 1612 3955 habebnt,

936 4024 939 4057 Ι
962 3980 1064 4032 cetheis
1074 3981 1115 4030 sed
1126 3979 1194 4044 longo
1207 3979 1275 4044 quies
1284 3978 1423 4028 admoverat
1432 3979 1510 4030 undis.

936 4060 939 4096 ί
961 4066 1032 4114 Nunc
1043 4062 1088 4112 sub
1100 4062 1241 4121 Anastasio,
1255 4077 1303 4127 quo
1318 4077 1360 4110 rex
1371 4059 1435 4109 haud
1449 4060 1536 4110 inrticr
1545 4062 1616 4126 niter,

935 4141 938 4233 Ι
962 4151 988 4195 lu
1001 4148 1077 4196 lucem
1087 4161 1126 4195 me
1138 4145 1226 4210 reddo,
1238 4145 1328 4194 bonum
1339 4144 1471 4208 legionibus
1483 4145 1574 4210 ingens.

934 4254 937 4318 Ι
960 4232 1004 4279 llle
1017 4231 1061 4280 seit
1075 4239 1099 4279 et
1112 4245 1199 4295 pugnos
1211 4236 1237 4278 et
1250 4231 1339 4278 Mertie
1352 4229 1413 4278 lecte
1422 4229 1525 4290 docere,

934 4352 937 4373 ,
961 4315 1003 4364 llis
1014 4315 1058 4364 seit
1069 4314 1169 4364 occiduo
1183 4313 1271 4379 positas
1283 4312 1308 4361 in
1320 4313 1503 4376 littoregentes,

933 4380 936 4472 1
959 4401 989 4447 Et
1003 4400 1085 4446 Persas
1097 4411 1190 4445 mecum
1200 4398 1367 4459 Saraceneque
1377 4395 1477 4460 perdere
1487 4405 1564 4445 cestra
1574 4434 1580 4455 ,

959 4484 1150 4544 Hunnorumque
1160 4479 1184 4527 in
1194 4478 1261 4543 equis
1271 4479 1360 4527 celeres
1373 4479 1403 4527 ed
1416 4479 1498 4543 prelia
1510 4490 1612 4539 ιιιειιιοε,

959 4567 988 4612 lit
999 4564 1070 4612 toties
1084 4562 1177 4627 refugos
1191 4562 1215 4610 in
1226 4562 1295 4610 devie
1308 4562 1375 4627 rupis
1385 4566 1488 4613 Isauros.

932 4667 936 4719 γ
957 4649 1031 4694 'ierus
1041 4644 1166 4695 Anastasio
1181 4643 1263 4692 inciam
1280 4659 1335 4693 mox
1347 4653 1429 4708 parcet
1443 4643 1522 4703 orbis,

933 4730 935 4764 ἵ
959 4732 1036 4791 Quem
1045 4742 1087 4776 sue
1101 4725 1213 4791 mojorem
1223 4725 1326 4788 'i'mjeno
1336 4724 1452 4790 conspicit
1465 4728 1520 4776 Eos.

1256 4878 1313 4909 211.
1331 4878 1441 4911 incisu.

1251 4983 1286 5026 De
1304 4975 1440 5029 Nicandro.

957 5110 1062 5168 Chiron,
1077 5109 1242 5176 Hippocrates,
1257 5114 1334 5170 Pseon,
1343 5119 1367 5158 et
1378 5110 1491 5175 Apolline
1505 5117 1574 5157 nulus

958 5198 1049 5245 Nomen
1059 5193 1168 5242 hebent:
1185 5193 1261 5241 sedet
1275 5191 1317 5240 hos
1329 5191 1442 5240 Nicandri
1457 5192 1531 5254 glorie
1547 5190 1633 5240 vincit.
