3810 5910
542 396 666 457 CAPUT
688 396 750 455 Xll.
775 395 987 455 sturionis
1011 396 1114 457 MUSA
1144 397 1330 458 PUERlLlS.
1677 397 1735 452 ll3

169 531 258 593 παιδος
273 533 318 587 ἀπ’
328 531 481 605 ὀφθαλμῶν,
495 531 521 585 αἱ
537 529 562 585 δὲ
578 530 640 603 παρ’
654 526 751 596 ἠελίου.

85 634 100 672 ο
129 618 197 676 Ἀλλ’
211 617 240 682 ἃς
256 616 303 692 μὲν
317 616 361 683 νύξ
375 606 447 680 αῦθις
463 614 602 689 ἐκοίμισεν·
619 613 649 680 άς
664 613 686 672 δ’
702 616 728 672 ἔν
743 613 850 691 ὀνείροις

168 705 273 764 είδωλον
289 708 391 782 μορφῆς
405 705 504 779 μᾶλλον
520 703 698 781 άνεφλόγισεν.

128 795 271 858 Audiamus<
285 793 307 850 δ’
320 791 416 868 ἑτέροις
428 792 467 850 ἐπ’
481 792 538 868 ἐμοὶ
552 790 629 849 πόνον
645 789 722 857 ύπνος
736 790 833 857 ἔτευξεν

167 881 280 957 ἔμπνουν
296 887 347 960 πῦρ
361 883 434 960 ψυχῇ
450 881 546 943 κάλλος
563 877 742 943 άπεικονίσας.

389 1040 447 1090 128.
468 1044 527 1088 ΤΟΥ
546 1044 652 1092 ᾸΥΓΟΥ.

129 1196 271 1256 dissideat
286 1194 423 1272 σύριγγες,
439 1198 464 1254 ἔν
480 1193 567 1272 οὔρεσι
582 1195 676 1268 μηκέτι
692 1195 791 1274 Δάφνιν

168 1283 281 1363 φωνεῖτ’,
292 1283 416 1360 αἱγιόάτῃ
433 1284 502 1341 Πανὶ
516 1283 704 1360 χαριζόμενοι·

130 1373 196 1449 μηδὲ
211 1371 242 1429 σθ
257 1373 300 1429 τὸν
315 1373 474 1449 στεφθέντα,
491 1372 571 1446 λύρη,
583 1368 694 1428 <trotino
707 1373 837 1450 προφῆτι,

168 1461 251 1538 δάφνῃ
268 1460 393 1539 ττιιρθενίγΙ
410 1457 488 1538 μέλφ’
501 1457 640 1517 Ὑάκινθον
654 1457 704 1516 ἔτι,

126 1538 180 1609 'liv
194 1549 245 1627 γάρ
259 1547 298 1606 ἔτ’
311 1538 342 1618 ἧν
357 1550 455 1625 Δάφνις
470 1544 516 1617 μὲν
532 1550 558 1605 ἐν
574 1546 672 1625 ούριοι,
684 1547 724 1604 σοὶ
738 1546 760 1603 δ’
773 1544 911 1610 Ὑάκινθος

165 1637 285 1716 τερπνός·
298 1641 342 1692 νῦν
357 1634 384 1693 δὲ
403 1634 495 1694 Πύθων
511 1639 633 1712 σκῆπτρα
650 1632 719 1693 Δίων
735 1632 829 1712 ἐχέτω.

394 1798 457 1848 129.
482 1790 645 1848 de'l'Ol'.

129 1975 139 1996 ·
157 1946 268 2025 Ἀργεῖος
281 1918 518 2022 ΦιλοκλῆςἌργει
533 1943 621 2008 καλός·
638 1971 649 1994 ιι
667 1943 740 2001 αἵτε
760 1943 889 2022 Κορίνθου

168 2037 280 2106 στῆλαι,
292 2033 336 2092 καί
350 2031 494 2110 Μεγαρέων
505 2036 589 2088 ταῦτα
605 2033 685 2109 βοῶσι
699 2031 791 2110 τάφοι·

127 2122 273 2199 γέγραπται
288 2123 333 2179 καί
348 2122 426 2201 μέχρι
441 2122 553 2199 λοετρῶν
566 2118 750 2197 Ἀμφιαράου,

167 2212 202 2274 ὡς
215 2207 303 2273 καλός.
321 2207 391 2267 Ἀλλ’
405 2207 500 2282 ὀλίγοις
514 2205 655 2288 γράμμασι
670 2207 835 2282 λειπόμεθα·

128 2296 191 2375 τῷδ’
204 2298 232 2353 ού
246 2294 298 2374 γάρ
311 2293 405 2372 πέτραι
418 2292 607 2371 ἔπιμάρτυρες,
620 2291 688 2350 άλλά
704 2290 833 2371 Πριηνεύς

168 2382 245 2449 αὐτὸς
258 2381 332 2440 ἰδών·
344 2383 431 2460 ἑτέρου
446 2384 468 2439 δ’
480 2384 535 2439 ε’στί
548 2379 739 2459 περισσότερος.

412 2556 471 2606 130.
492 2558 630 2604 sunnon.

129 2671 211 2751 Εἴποι,
220 2681 265 2739 καί
274 2675 306 2737 αθ
315 2681 393 2737 πάλιν
403 2671 478 2738 εἶπα·
488 2709 499 2731 ι
506 2678 594 2751 καλὸς,
602 2680 706 2746 καλόςν·
714 2680 772 2737 ἀλλ’
780 2678 818 2736 ἔτι
825 2679 910 2758 φήσω,

168 2772 203 2835 ὡς
217 2769 307 2837 καλὸς,
322 2772 356 2834 ὡς
369 2769 470 2847 χαρίεις
485 2767 589 2842 ὄμμασι
602 2767 741 2834 Δωσίθεος.

128 2858 168 2915 Οὔ
183 2856 274 2933 δρυὸς,
289 2855 343 2911 οὐδ’
358 2855 452 2923 ἐλάτης
464 2854 640 2933 ε’χαράξαμεν,
651 2856 705 2911 οὐδ’
719 2854 763 2912 ἐπὶ
775 2853 865 2932 τοίχου

167 2943 236 3001 τοῦτ’
250 2942 323 3008 ἔπος·
335 2945 392 3000 ἀλλ’
406 2946 432 3001 ἐν
445 2944 497 3022 ἐμῇ
509 2941 620 3021 σμύχετ’
632 2942 696 3019 ἔρως
708 2939 814 3020 κραδία.

127 3033 161 3090 Εἰ
175 3031 203 3091 δέ
217 3055 254 3096 τις
268 3033 296 3088 οὺ
314 3031 409 3108 φήσει,
426 3030 463 3105 μὴ
476 3031 573 3091 πείθεο.
591 3031 645 3089 Ναὶ
660 3030 698 3104 μά
713 3029 757 3098 οὲ,
773 3031 878 3104 δαῖμον,

167 3120 279 3199 ψεύδετ”
296 3118 348 3197 ἐγὼ
365 3120 386 3176 δ’
400 3123 414 3176 ό
428 3121 513 3194 λέγων
528 3118 650 3197 τάτρεκές
665 3108 722 3176 οἶδα
737 3117 825 3193 μόνος.

336 3284 401 3333 131.
427 3272 702 3333 ΠΟΣΕΙΔΙΠΠΟΥ.

127 3429 156 3486 ‘d
174 3430 288 3506 Κύπρον,
302 3429 317 3486 ά
333 3452 360 3486 τε
377 3428 504 3506 Κύθηρα,
518 3429 591 3486 καλά
608 3426 726 3496 Μίλητον
741 3429 885 3506 ἔποιχνεῖς,

168 3516 212 3574 καί
225 3517 304 3575 καλὸν
323 3517 419 3593 Συρίης
433 3517 592 3596 ίπποκρότου
606 3515 725 3596 δάπεδον,

129 3605 210 3671 ἔλθοις
221 3604 292 3671 ἵλαος
310 3605 506 3683 Καλλιστίιρ,ἣ
520 3606 563 3662 τὸν
578 3602 691 3683 ἐραστὴν

168 3695 226 3752 οὐδέ
239 3695 296 3750 ποτ’
310 3694 410 3752 οἰκείων
421 3683 488 3750 ὦσεν
502 3693 553 3750 ἀπὸ
565 3691 710 3771 προθύρων.

356 3878 420 3927 1³2.
445 3869 682 3927 nlenssnl‘l‘ot.

129 4023 169 4083 Οὔ
184 4047 223 4081 σοι
235 4024 308 4081 ταῦτ’
321 4020 413 4093 ἑόόων,
428 4023 518 4101 ψυχή,
532 4051 542 4072 ι
556 4023 608 4081 Ναί
626 4024 741 4101 Κύπριν,
754 4023 869 4098 ἁλώσει,

170 4140 181 4162 ι
194 4101 217 4170 ὦ
231 4112 359 4190 δύσερως,
378 4112 422 4183 ἰξῷ
439 4111 524 4169 πυκνά
538 4112 739 4188 προσιπταμένη
753 4133 779 4163 ν·

130 4203 176 4257 οὐκ
190 4198 287 4270 {houm
302 4189 367 4256 εἷλέν
380 4222 409 4256 σε
423 4200 508 4274 πάγη·
523 4199 559 4258 Τί
574 4198 660 4276 μάτην
675 4201 711 4256 ἐνὶ
724 4201 828 4274 δεσμοῖς

169 4286 303 4359 σπαίρεις,
319 4286 396 4351 αὐτὸς
412 4285 500 4365 Ἔρως
513 4286 546 4342 τά
562 4286 645 4362 πτερά
660 4308 706 4343 σου
721 4285 834 4358 δέδεκεν,

89 4406 103 4442 ς
130 4375 174 4430 καί
188 4372 211 4432 σ’
226 4372 269 4429 ἐπὶ
281 4379 334 4449 πῦρ
349 4371 460 4443 ἔστησε,
475 4374 563 4450 μύροις
578 4372 600 4429 δ’
612 4375 703 4453 ἔρρανε
716 4373 868 4442 λιπόπνουν,

169 4463 236 4519 δῶκε
253 4463 279 4517 δὲ
294 4461 397 4543 διψώσῃ
414 4463 514 4538 δάκρυα
529 4461 612 4539 θερμὰ
630 4465 708 4522 πιεῖν.

129 4540 159 4606 Ἄ
175 4549 247 4626 ψυχὴ
266 4551 433 4626 βαρύμοχθε,
450 4549 481 4607 σθ
494 4550 516 4605 δ’
531 4549 591 4630 άρτι
606 4549 654 4624 μὲν
669 4552 698 4608 ἔκ
713 4550 793 4630 πυρὸς
806 4548 884 4628 αἴθῃ,

169 4637 229 4712 άρτι
243 4637 265 4693 δ’
278 4639 420 4716 άναψύχεις
429 4682 436 4708 ,
446 4639 541 4708 πνεῦμ’
558 4635 749 4712 ἀναλεξαμένη.

129 4727 160 4781 Τί
177 4723 293 4793 κλαίειςς
307 4722 350 4783 τόν
365 4726 489 4802 ἄτεγκτον
502 4725 538 4781 ὅτ’
552 4726 579 4783 ἐν
593 4725 727 4784 κόλποισιν
742 4722 850 4805 Ἔρωτα

76 4840 102 4879 u)
169 4811 288 4891 ἔτρεφες,
304 4815 350 4868 οὐκ
363 4811 432 4891 ᾔδεις
447 4815 481 4877 ὡς
496 4813 539 4871 ἐπὶ
555 4815 595 4870 σοί
611 4815 732 4893 τρέφετο,

130 4904 175 4959 οἰκ
189 4903 273 4979 ᾔδεις,
291 4905 345 4959 Νῦν
361 4905 439 4978 γνῶθι
458 4904 546 4959 καλῶν
562 4903 688 4978 ἄλλαγμα
703 4902 841 4983 τροφείων,

169 4997 219 5068 πῦρ
236 4989 291 5063 ἅμα
307 4991 351 5046 καί
365 4991 469 5068 Ιφυχρὸιν
487 4989 616 5065 δεξαμένη
630 4991 717 5069 χιόνα.

129 5078 202 5145 Αὐτὴ
219 5080 291 5133 ταῦθ’
307 5075 389 5133 ε’ίλου·
402 5079 462 5158 φέρε
476 5080 519 5135 τὸν
534 5079 623 5138 πόνον.
640 5075 715 5146 'Atta
729 5078 841 5156 πάσχεις

168 5158 203 5222 ὧν
218 5167 305 5246 ἔδρας,
320 5169 392 5242 ὀπτῷ
408 5168 533 5242 καιομένη
549 5168 644 5243 μέλιτι.

985 533 1054 596 pueri
1068 533 1099 583 alr
1113 534 1202 593 oculis,
1214 534 1249 584 illl
1262 547 1322 584 vero
1333 548 1348 582 a
1360 533 1420 584 sole.

954 619 1002 669 Sed
1012 621 1058 670 hos
1069 619 1169 684 quidem
1180 634 1229 670 nox
1240 634 1326 670 rursus
1339 619 1444 682 sopivit3
1455 620 1511 669 illos
1519 622 1602 669 autem
1614 618 1738 669 insomnis

985 708 1145 758 simulacrum
1155 709 1242 758 termus
1254 711 1331 771 pueri
1343 706 1422 771 magis
1435 705 1555 756 accendit.
1655 705 1738 770 indit,

953 795 1010 844 lam
1023 795 1068 858 qui
1077 793 1272 845 lahoremsolrit
1282 794 1379 855 ceteris,
1388 793 1447 842 milri
1459 793 1570 844 lahorem
1584 806 1686 844 somnus
1698 796 1736 842 at·

985 882 1120 933 animatum
1130 882 1209 946 ignem
1218 882 1300 932 animo
1309 882 1517 946 pulchritudinem
1530 885 1715 946 repraesentans.

1229 1034 1283 1080 128·
1305 1040 1462 1081 museum.

954 1193 1076 1256 caprarius
1089 1192 1193 1252 fistule,
1209 1192 1234 1242 in
1246 1191 1373 1242 montibus
1385 1206 1433 1241 non
1444 1192 1495 1253 jam
1511 1191 1631 1254 Daphnim

984 1283 1110 1339 resonate.
1124 1279 1369 1344 capellamm·initori
1382 1281 1438 1328 Pani
1452 1278 1629 1343 medicantem

953 1381 1034 1431 neque
1045 1371 1073 1418 tu
1087 1366 1244 1429 redimitum,
1255 1368 1344 1431 olyra,
1356 1367 1443 1417 Phoehi
1454 1370 1538 1426 vates,

984 1457 1167 1522 laurorirginea
1173 1470 1232 1507 cane
1239 1455 1498 1519 Hyacinthumadhuc.
1508 1453 1740 1519 [lpuudlpaclntlrns

954 1547 1011 1597 Fuit
1028 1547 1094 1597 enim
1107 1560 1184 1609 quum
1200 1545 1248 1594 luit
1263 1545 1372 1608 Daphnis
1387 1545 1412 1594 in
1431 1543 1570 1600 montibus,
1583 1541 1628 1591 tibi
1641 1555 1739 1603 uero‚o

981 1633 1121 1698 jucundum
1135 1637 1162 1684 at
1176 1647 1240 1683 nune
1255 1631 1403 1697 Cupidinum
1413 1632 1509 1695 sceptra
1520 1629 1567 1681 Dio
1581 1629 1677 1680 trahem.

1258 1792 1308 1837 129.
1326 1787 1428 1837 ausu.

954 1957 967 1981 ι
982 1936 1087 2000 Argivus
1099 1935 1219 1986 Philocles
1236 1934 1307 2000 Argis
1318 1934 1438 2000 pulcher:
1452 1954 1464 1977 ν
1480 1937 1506 1984 et
1521 1933 1632 1983 Corinthi

987 2025 1122 2085 columnae,
1133 2027 1158 2074 et
1169 2024 1347 2088 Megarensium
1360 2023 1415 2073 lraec
1425 2023 1532 2072 clamant
1543 2019 1632 2070 tumuli
1645 2041 1651 2068 :
1756 2025 1761 2036 “

955 2113 1116 2178 scriptus-est
1130 2115 1156 2163 et
1170 2125 1250 2175 usque
1262 2111 1293 2162 ad
1305 2115 1412 2162 larsem
1425 2109 1579 2174 Amphiarai,

985 2203 1015 2252 ut
1030 2221 1042 2244 ι
1058 2201 1167 2266 pulcher.
1183 2220 1195 2243 ν
1213 2199 1260 2250 Sed
1274 2199 1360 2263 paucis
1371 2198 1492 2248 vincimur
1499 2196 1598 2250 literis:

955 2290 1013 2341 lmic
1021 2290 1087 2340 enim
1099 2303 1148 2339 non
1159 2288 1254 2353 lapides
1267 2291 1357 2348 testes,
1370 2287 1414 2337 sed
1425 2287 1543 2337 Prienem

985 2378 1037 2442 ipse
1051 2376 1172 2441 qui-vidit
1186 2394 1193 2425 ι
1208 2377 1382 2429 alternantem
1394 2377 1485 2440 quouis
1493 2377 1532 2425 est
1544 2373 1654 2439 peritior.

1202 2566 1209 2579 ·
1238 2544 1290 2591 130.
1320 2551 1458 2592 ructari.

955 2700 1025 2762 Dixi,
1037 2704 1063 2749 et
1072 2711 1159 2749 rursus
1168 2699 1259 2749 iterum
1267 2697 1318 2748 dixi
1332 2717 1360 2746 :o
1372 2696 1485 2755 Pulcher,
1495 2695 1599 2760 pulcher
1609 2713 1636 2754 υς
1647 2693 1688 2743 sed
1699 2693 1738 2743 ad

985 2787 1189 2846 sonnosumesse,
1197 2789 1327 2837 venustum
1334 2784 1411 2834 oeulis
1420 2784 1574 2835 Dosithenm.
1583 2782 1641 2846 [huc
1647 2781 1737 2840 dicam,

954 2877 1008 2923 Nou
1020 2874 1046 2924 in
1063 2887 1197 2938 quercum,
1208 2887 1288 2936 neque
1301 2873 1326 2924 in
1344 2874 1450 2924 abietem
1464 2872 1608 2930 incidimus,
1621 2883 1701 2933 neque
1714 2869 1738 2918 in

985 2957 1033 3009 hoc
1045 2959 1151 3010 rerhum
1167 2981 1172 3010 :
1184 2959 1228 3010 sed
1242 2960 1268 3010 in
1279 2973 1335 3010 ineo
1350 2959 1401 3009 urit
1413 2973 1482 3009 amor
1494 2961 1600 3022 pectore.
1611 2957 1738 3022 [parietem

955 3047 980 3096 si
992 3061 1051 3097 uero
1060 3048 1117 3110 quis
1131 3048 1272 3113 negaverit,
1286 3062 1317 3098 ne
1329 3049 1409 3098 crede.
1424 3050 1468 3097 lto
1476 3061 1520 3111 per
1530 3049 1569 3097 te.
1581 3059 1597 3095 ο
1611 3044 1722 3101 demon.

986 3138 1117 3195 mentitum
1129 3150 1174 3200 ego
1185 3151 1243 3187 aero
1254 3135 1392 3186 mediceae
1406 3150 1490 3186 uerum
1502 3135 1560 3185 novi
1574 3135 1652 3185 solus.

1230 3297 1283 3343 1³1.
1299 3293 1465 3343 POSlDlPPI.

955 3454 1018 3508 Quae
1030 3451 1136 3512 cyprum
1146 3487 1152 3508 ‚
1162 3462 1219 3512 quoe
1233 3451 1258 3498 et
1272 3447 1378 3511 cythera
1389 3451 1414 3496 et
1426 3459 1483 3508 quae
1499 3444 1610 3494 Miletum
1623 3442 1691 3504 ohls,

986 3540 1013 3587 et
1024 3535 1154 3600 pulchrum
1162 3536 1237 3598 Syriae
1246 3531 1636 3599 equorum-pedihusresonantls
1648 3531 1738 3593 solum,

955 3620 1040 3670 venias
1053 3619 1157 3683 propitia
1170 3618 1291 3677 callistio,
1305 3631 1361 3681 quae
1377 3615 1498 3667 amasium

986 3721 1035 3757 non
1049 3721 1156 3771 uniquam
1172 3706 1250 3756 esuis
1263 3705 1355 3769 repulit
1367 3703 1505 3754 uestibulis.

1221 3880 1282 3926 ⁴1³2.
1299 3877 1467 3926 melanem.

955 4038 1040 4086 Nonne
1046 4034 1090 4084 tihi
1099 4033 1154 4084 irasc
1162 4031 1330 4091 inclamabam,
1339 4031 1438 4081 anima?
1448 4051 1459 4072 ι
1471 4025 1738 4090 Percypriu,capieris,

986 4135 1001 4170 o
1013 4120 1205 4178 amoris-inlelix‚
1216 4119 1246 4169 ad
1256 4119 1354 4169 viscum
1365 4117 1508 4180 frequenter
1518 4114 1650 4165 advolans.
1667 4134 1679 4156 ν

956 4226 1035 4262 nonne
1044 4211 1203 4261 inclamabam
1210 4215 1221 4260 1
1228 4211 1293 4273 cepit
1303 4212 1328 4259 tc
1337 4209 1417 4273 plaga.
1428 4206 1492 4266 Qtrid
1502 4208 1593 4256 trustra
1601 4206 1626 4254 in
1636 4203 1738 4254 vinculis

986 4300 1107 4365 palpitas?
1117 4301 1170 4362 ipse
1179 4304 1253 4348 Amor
1262 4299 1312 4348 alae
1324 4301 1381 4348 tuas
1394 4297 1492 4360 ligavit,

955 4392 980 4437 et
993 4392 1018 4438 te
1031 4400 1105 4450 super
1123 4387 1203 4452 ignem
1219 4385 1317 4450 posuit,
1329 4384 1509 4448 unguentisque
1523 4381 1627 4445 aspersit
1637 4379 1738 4443 spiritu-

985 4475 1104 4540 deditquc
1117 4475 1209 4526 sitienti
1223 4475 1335 4525 lacrimas
1344 4473 1435 4523 calidas
1446 4472 1537 4521 bilrere.
1561 4468 1737 4534 [deficientem

955 4568 976 4614 0
999 4565 1080 4615 anima
1102 4561 1343 4627 graviter-laborans,
1363 4566 1458 4609 turano
1480 4558 1555 4609 modo
1573 4557 1672 4621 quidem
1688 4558 1740 4622 igni

986 4653 1059 4703 modo
1073 4665 1131 4701 uero
1141 4649 1399 4715 refrigeraris-,halitu
1409 4650 1542 4710 remmpto.
1562 4646 1736 4710 [consumeris.

955 4741 1020 4798 Quid
1035 4740 1097 4789 llos?
1115 4737 1364 4789 nescium-mitescere
1374 4750 1452 4799 quum
1462 4736 1487 4785 iu
1497 4735 1676 4785 sinuamorem

985 4819 1083 4880 alebas,
1094 4832 1142 4867 non
1152 4830 1255 4867 noveras
1264 4830 1321 4866 eum
1333 4819 1417 4865 contra
1433 4818 1456 4865 te
1467 4815 1518 4864 ali?

954 4921 1002 4957 nnn
1015 4910 1134 4956 noveras?
1144 4906 1214 4955 Nunc
1224 4917 1341 4968 cognosce
1350 4903 1433 4952 eximii
1447 4901 1584 4952 mercedem
1599 4900 1714 4964 eliciendi,

985 4995 1066 5058 ignem
1080 4993 1153 5044 simul
1166 4997 1191 5043 et
1204 4992 1317 5056 frigidam
1331 4991 1453 5054 accipiens
1468 4991 1559 5040 niuem.

955 5086 1009 5146 lpse
1024 5083 1077 5132 haec
1089 5083 1204 5153 optulisti
1218 5103 1224 5130 :
1237 5081 1334 5131 exantlo
1348 5079 1464 5129 laborem.
1482 5079 1560 5142 Digna
1572 5077 1665 5142 pateris

986 5167 1093 5230 cis-qum
1105 5170 1189 5232 egisti,
1199 5168 1269 5231 igneo
1282 5171 1382 5232 perusta
1395 5168 1474 5219 melle.
